3028 4672
465 245 508 302 De
525 245 692 317 Polyphemo
710 250 737 302 et
757 248 879 304 Galatea.
1191 251 1251 310 169

96 429 165 489 tam
195 427 228 487 et
256 425 383 487 anetam
412 425 509 503 atque
537 419 621 486 adeo
650 420 752 504 magis
782 419 947 487 definitam
976 422 1124 491 exhibuit
1155 432 1254 509 poeta

96 525 267 609 satyricus.
313 522 372 587 1661
392 519 612 606 Polyphemus
641 528 676 588 ut
698 523 796 588 ceteri
819 521 978 610 Cyclopes
1001 526 1043 604 (6.
1060 529 1112 602 21)
1135 548 1252 595 unocu-

97 633 148 698 lus
162 632 184 708 ¹)
207 627 247 694 cl.
268 645 322 692 nu.
339 626 389 688 79.
408 626 477 687 174.
494 627 567 688 475.
588 628 660 690 633.
683 628 755 690 636.
778 626 850 690 648.
873 629 944 692 657.
966 628 1038 692 663.
1060 629 1139 713 673,
1167 629 1253 698 filius

97 732 242 817 Neptuni
265 730 305 796 cf.
321 749 374 794 uu.
391 731 441 793 21.
458 729 530 794 262.
547 729 609 792 299
618 747 687 811 666.
706 730 777 792 318.
794 730 867 810 413,
890 727 949 794 666
965 729 1168 795 confunditur
1188 732 1253 796 iam

98 834 232 900 Homeri
255 829 448 915 genealogia
471 849 542 896 curn
564 829 744 913 Hesiodea,
775 849 847 896 cum
869 835 971 896 mater
994 829 1118 897 dicatur
1147 851 1176 896 u.
1190 834 1253 896 648

98 937 201 1019 Gaea,
225 954 321 1018 qnam
343 933 466 1016 ingenti
487 930 547 997 filii
568 933 691 998 formae
714 933 829 998 melius
847 932 1053 1016 respondisse
1068 939 1155 999 reete
1170 933 1253 999 iudi·

98 1043 255 1106 cauerunt
269 1035 435 1101 Bredaens
452 1040 484 1101 et
499 1034 702 1100 Hermannus
721 1033 765 1099 ad
787 1033 818 1100 h.
834 1035 855 1099 l.
890 1032 994 1112 Quam
1011 1053 1172 1101 enormem
1190 1036 1253 1101 for-

98 1161 187 1206 mam
203 1158 244 1205 ne
259 1138 424 1206 scaenicus
440 1136 570 1219 qnidem
585 1141 683 1220 poeta
698 1135 880 1202 describere
904 1142 936 1201 et
954 1143 1131 1203 ceterarum
1147 1157 1254 1203 rernm

98 1241 248 1308 inaudita
262 1241 385 1307 ratione
400 1238 581 1321 exprimere
605 1237 732 1317 desinit,
756 1257 951 1321 quamquam
974 1237 1106 1305 difficile
1129 1240 1254 1306 eratin

99 1364 220 1412 scaena
233 1343 369 1426 figuram
386 1340 606 1424 magnitudine
623 1347 745 1406 ceteros
768 1341 914 1406 homines
937 1346 1025 1407 tento
1048 1345 1252 1426 superantem

99 1465 282 1534 proponere
304 1445 356 1522 (of.
372 1443 537 1508 Wieseler.
554 1442 595 1508 de
610 1442 674 1506 fab.
691 1449 787 1524 satyr.
804 1443 837 1504 in
853 1440 936 1508 stud.
959 1441 1101 1526 Gotting.
1116 1444 1198 1507 1847
1221 1444 1254 1508 Π

97 1572 132 1636 p.
144 1551 208 1614 639
215 1549 275 1631 66.)
284 1548 317 1623 ²),
346 1545 475 1630 Optime
490 1549 597 1611 autem
612 1545 735 1609 narrari
750 1549 899 1627 poterant
913 1543 1076 1634 mirabilia
1090 1544 1131 1609 ab
1144 1546 1252 1629 Ulixe,

100 1671 176 1718 cum
198 1671 239 1718 ex
261 1653 352 1714 antro
374 1666 522 1713 reuersus
544 1645 641 1712 choro
662 1665 745 1729 quae
767 1645 885 1712 uiderit
906 1646 1004 1711 refert
1026 1664 1077 1710 uu.
1096 1646 1157 1710 382
1166 1666 1253 1729 666.;

255 1747 331 1814 ἐπεὶ
352 1752 517 1830 πετραίαν
538 1739 631 1832 τήνδ’
651 1743 839 1832 ἐσήλθομεν
859 1743 970 1827 χθόνα
981 1747 1004 1822 ³)
1027 1753 1104 1831 eta,

100 1855 160 1922 uhi
182 1854 300 1921 dicitur
321 1850 542 1936 Polyphemus
564 1850 597 1914 in
620 1850 691 1916 foce
714 1850 839 1916 locasse

675 1944 808 2037 ὑψηλῆς
830 1946 929 2035 ὁρτάς

255 2052 398 2140 κορμοὺς
419 2054 583 2130 πλατείας
605 2049 745 2140 ἐσχάρας
766 2049 878 2135 βαλών
902 2049 974 2132 ἕντι,

256 2158 402 2244 τρισσῶν
425 2150 560 2239 άμαξαῖν
582 2148 629 2229 ὥς
650 2147 818 2239 ἀγώγιμον
838 2152 959 2237 βάρος,

101 2264 156 2344 (cf.
173 2261 234 2330 06.
250 2262 309 2346 IX,
326 2261 386 2324 233
395 2279 482 2343 sqq.;
505 2258 662 2343 imprimis
677 2260 736 2320 241
746 2260 816 2340 sq.),
841 2263 964 2323 cratera
979 2262 1085 2323 autem
1104 2256 1254 2342 implesse

101 2360 151 2442 ὥς
173 2360 384 2449 δεκάμφορον
407 2367 439 2428 61
460 2361 611 2444 poculum
633 2360 824 2474 apposuisse

377 2478 381 2484 ’
669 2457 717 2534 εἷς
739 2481 833 2545 ενρος
854 2460 956 2542 τριῶν

258 2563 406 2652 πήχεων,
428 2561 540 2647 βάθος
563 2559 599 2626 δὲ
620 2557 793 2645 τεσσάρων
815 2557 982 2648 ἐφαίνετο.

101 2673 154 2738 Ac
167 2670 265 2736 facile
277 2668 437 2734 eredimus
452 2667 557 2751 ipsum
571 2667 682 2749 palum
696 2670 882 2750 praeustum
897 2664 997 2731 fuisse
1012 2663 1123 2731 iocosa
1133 2667 1256 2749 magni·

102 2771 227 2856 tudine,
250 2791 292 2836 ex
307 2790 371 2853 qua
387 2769 625 2835 conclusionem
640 2766 783 2833 facerent
805 2771 1002 2850 spectatores
1025 2766 1066 2831 de
1089 2768 1174 2834 oculi
1196 2768 1256 2833 cir-

102 2875 192 2941 cuitu
215 2893 245 2939 u.
261 2875 334 2937 472.
367 2872 436 2936 Nec
451 2888 555 2936 mores
570 2870 611 2935 ab
627 2869 808 2935 Homericis
830 2870 965 2934 multum
981 2868 1116 2934 diuersi:
1139 2869 1258 2932 mansit

101 2977 253 3062 impietas
276 2981 308 3040 et
329 2973 451 3039 ferocia
474 2971 512 3038 ef.
533 2962 670 3046 άνόσιας
690 2973 810 3037 6626.
828 2972 877 3034 31.
895 2971 966 3035 348.
989 2972 1060 3033 378.
1082 2971 1154 3032 438.
1176 2970 1256 3050 693;

103 3074 267 3161 δυσσεβής
297 3077 346 3141 39.
370 3077 443 3140 289.
465 3078 542 3158 311;
571 3069 676 3159 depol)
697 3069 885 3156 σαναοργός
907 3075 986 3154 442;
1016 3063 1154 3154 ἀναιδής
1177 3071 1256 3152 592;

103 3176 204 3266 νηλής
228 3181 306 3259 369;
335 3172 521 3261 θεοστυγὴς
544 3179 615 3241 396.
631 3176 709 3257 692;
738 3169 838 3247 κακός
860 3175 931 3238 599.
948 3174 1027 3255 627;
1059 3161 1258 3253 &necepsos

101 3288 310 3306 ’‘nd-*⁶*—

192 3332 218 3395 1)
237 3327 292 3383 Ubi
308 3331 420 3395 propter
437 3341 547 3379 uersum
571 3323 615 3378 uel
639 3323 674 3377 ad
697 3321 908 3388 magnitudinem
932 3320 1135 3390 significandam
1160 3321 1259 3389 legitur

102 3417 231 3485 ὄμματα,
250 3418 282 3468 ut
298 3427 344 3466 uu.
358 3415 416 3466 459.
434 3416 492 3464 479,
509 3414 556 3464 511
576 3407 620 3462 661
636 3405 761 3478 βλέφαρα
780 3423 805 3460 u.
820 3410 879 3471 485,
898 3423 969 3462 unus
988 3406 1083 3464 oculus
1101 3407 1257 3476 intellegen-

101 3503 156 3558 666
173 3502 239 3555 item
257 3503 339 3566 atque
356 3495 430 3566 apud
448 3496 602 3550 Homerum.

193 3590 218 3652 2)
236 3583 320 3640 Vocis
338 3581 441 3636 tonitru
465 3579 511 3644 (cf.
524 3577 650 3632 Philostr.
661 3577 709 3631 uit.
720 3576 810 3646 Apoll.
820 3576 882 3641 VII,
894 3579 937 3642 28)
959 3583 1035 3633 actor
1053 3578 1161 3634 uidetur
1178 3582 1258 3631 natu·

101 3688 164 3729 ram
183 3667 311 3740 cyclopis
330 3666 496 3737 expressisse
514 3663 549 3719 cf.
562 3662 690 3718 Eustath
707 3679 734 3732 p.
747 3666 822 3729 1628,
833 3666 866 3715 24
875 3678 932 3732 666.

194 3761 220 3821 3)
237 3754 290 3808 Pro
307 3751 400 3818 χθόνα
423 3750 571 3806 conicimus
593 3746 718 3815 πτύχας
741 3749 883 3818 proposita
900 3751 1012 3821 στέγην,
1036 3745 1198 3801 λεπαίαν-
1210 3749 1259 3799 πά-

102 3863 177 3914 τραν
189 3856 245 3896 non
257 3838 438 3895 satisfaciunt.
469 3833 542 3898 πτύξ
560 3832 671 3888 uerbum
684 3832 809 3903 Euripidi
822 3833 916 3890 erebro
929 3832 957 3887 in
969 3850 1021 3889 usu
1035 3833 1069 3888 cf.
1083 3832 1168 3886 Andr.
1178 3833 1258 3898 1277;

101 3928 211 3982 Phoen.
223 3929 269 3991 84;
292 3923 352 3978 Hel.
362 3927 425 3990 6053
451 3921 613 3988 86661212.
625 3923 675 3974 979
685 3933 758 3988 saep.

196 4015 221 4074 l)
240 4007 280 4064 Cf.
294 4007 490 4076 1666666765
508 4002 540 4056 τὸ
558 4003 708 4074 τυφλωθὲν
725 4003 833 4058 δάκος.
