3028 4672
274 233 337 292 150
645 219 776 288 Georgius
794 219 927 275 Ricardus
945 219 1062 276 Holland

275 407 309 471 in
331 399 516 469 dramaticis
539 396 689 482 operibus
718 393 866 476 quamuis
895 392 1040 460 modeste
1069 391 1330 477 redintegrandis
1361 419 1448 466 con-

276 503 463 589 fugiendum
485 501 546 566 erit
566 497 610 563 ad
631 497 761 562 unicum
783 495 981 561 tractationis
1009 494 1205 562 dramaticae
1235 500 1445 584 exemplum,

271 607 328 674 cui
349 603 412 670 hoc
433 603 467 667 in
488 598 657 682 naufragio
678 595 826 680 pepercit
847 597 1049 662 saeculorum
1073 597 1243 680 iniquitas,
1273 599 1318 662 ad
1341 601 1444 667 Euri·

276 705 364 790 pidis
385 703 529 769 fabulam
551 699 725 784 satyricam
748 695 941 781 Cyclopem,
971 698 998 762 si
1022 696 1101 780 quid
1125 698 1255 764 luminis
1280 719 1298 764 e
1322 719 1443 784 super-

276 807 360 874 stitis
376 804 483 888 operis
499 801 687 869 condicione
701 797 837 884 perditis
852 797 1053 864 adhibeatur.
1090 799 1140 863 Ne
1163 818 1241 864 uero
1264 802 1339 883 quis
1362 823 1442 886 gra-

276 911 369 974 uetur
384 902 470 988 quod
485 922 557 969 cum
577 901 689 968 fabula
711 901 851 984 satyrica
872 899 982 964 uariae
1004 900 1120 964 aetatis
1143 900 1331 968 comoedias
1347 905 1441 968 coin

275 1025 437 1093 paramus,
460 1002 685 1086 discrepantia,
704 1001 745 1068 de
761 1020 825 1084 qua
839 999 917 1083 quid
932 1001 1107 1067 sentiamus
1121 1006 1236 1084 postea
1250 1006 1441 1071 accuratius

276 1107 501 1188 indicabimus,
525 1104 628 1186 magis
647 1103 813 1187 spectabat
828 1101 870 1167 ad
885 1101 1081 1184 singularum
1096 1121 1306 1186 personarum
1325 1124 1440 1172 mores

273 1206 507 1275 describendos
523 1224 618 1288 quam
634 1203 677 1269 ad
692 1203 826 1270 actionis
840 1222 1043 1287 progressum
1065 1205 1285 1286 sermonisque
1308 1205 1343 1268 in
1365 1225 1438 1272 cer-

277 1309 319 1375 tis
340 1309 436 1393 rebus
457 1325 563 1390 paene
585 1305 771 1372 sollemnem
794 1310 985 1370 contextum.
1020 1302 1128 1381 Quare
1143 1309 1175 1369 et
1190 1323 1262 1368 cum
1276 1305 1437 1390 Homero,

277 1411 311 1475 in
333 1428 397 1492 qua
418 1427 453 1474 re
475 1406 619 1473 nonnulli
641 1407 803 1490 praeiere,
832 1411 864 1471 et
886 1425 958 1471 oum
980 1404 1151 1490 Euripide,
1181 1404 1217 1469 id
1246 1406 1336 1488 quod
1364 1408 1437 1490 ple-

277 1528 411 1593 rumque
428 1509 581 1575 omissum
596 1513 653 1592 est,
676 1506 863 1591 Epicharmi
886 1512 917 1572 et
938 1508 1075 1573 aliorum
1097 1506 1198 1570 frusta
1219 1507 1437 1576 conferemus.

363 1609 538 1694 Scripsisse
566 1615 673 1675 autem
695 1608 924 1692 Epicharmum
946 1608 1122 1692 Cyclopem
1151 1612 1307 1673 testantur
1329 1609 1437 1676 Hero-

275 1713 392 1779 dianus
415 1717 448 1776 et
468 1709 653 1776 Athenaeus
675 1710 810 1775 frustula
831 1710 985 1775 nonnulla
1007 1713 1181 1791 seruantes,
1206 1728 1342 1790 quorum
1365 1731 1437 1776 rec·

278 1821 346 1880 tum
363 1813 418 1895 qui
433 1811 564 1893 quidem
588 1831 629 1876 ex
651 1811 780 1876 fabulae
803 1829 896 1875 cursu
917 1810 1086 1893 probabile
1109 1807 1165 1874 fiat
1188 1808 1334 1875 ordinem
1358 1832 1436 1878 con-

276 1913 419 1979 stituisse
439 1910 588 1976 uidentur
604 1909 752 1976 editores.
789 1909 895 1992 Atque
911 1909 1097 1976 Athenaeus
1112 1911 1161 1975 IX
1181 1932 1213 1995 p.
1231 1911 1322 1977 3661)
1347 1911 1437 1978 hunc

278 2012 391 2079 laudat
413 2031 540 2077 uersum
562 2012 738 2076 trimetrum
761 2009 938 2094 eCyclope
960 2012 1071 2077 fabula
1093 2009 1241 2077 baustum
1264 2013 1312 2090 (fr.
1325 2017 1368 2078 60
1380 2015 1435 2091 A.)

494 2109 615 2199 χορδαί
634 2135 672 2176 τε
695 2105 756 2175 ἁδὺ
779 2111 832 2176 ναὶ
855 2108 904 2193 μὰ
925 2114 995 2176 Δία
1015 2105 1062 2192 χώ
1085 2110 1210 2189 κωλεός

278 2216 318 2284 cf.
334 2215 479 2281 Eustatb.
496 2236 528 2299 p.
539 2215 631 2298 1183,
646 2219 679 2297 5;
702 2213 734 2278 1.
751 2234 777 2279 e.
797 2205 844 2280 ‘et
857 2213 982 2280 uiscera
996 2213 1091 2280 dulce
1107 2214 1185 2297 quid
1199 2233 1258 2298 per
1272 2214 1385 2281 Iouem
1401 2223 1434 2281 et

277 2307 405 2401 perna’.
441 2316 599 2398 Apertum
615 2320 663 2381 est
677 2314 740 2381 hoc
753 2316 895 2398 aliquem
914 2314 1031 2398 dicero,
1055 2317 1109 2398 qui
1130 2314 1297 2398 praedicet
1318 2314 1434 2382 horum

280 2419 424 2484 ciborum
445 2416 676 2482 iucunditatem
698 2417 769 2501 ipso
792 2422 958 2500 expertus,
988 2416 1023 2480 id
1045 2415 1130 2498 quod
1154 2435 1196 2481 ex
1217 2417 1432 2482 obtestatione

279 2517 488 2584 concluditur.
532 2518 602 2581 Iam
625 2516 702 2599 quid
728 2518 832 2598 magis
860 2522 1108 2583 consentaneum
1121 2593 1123 2598 ,
1137 2537 1232 2600 quam
1254 2517 1431 2602 Cyclopem

279 2619 385 2702 ipsum
398 2618 450 2694 (cf.
466 2615 605 2682 Bodium
619 2615 692 2682 hist.
708 2621 766 2682 art.
783 2623 867 2700 poet.
880 2616 992 2684 Graec.
1008 2619 1065 2702 HI,
1079 2621 1098 2680 2
1116 2639 1149 2702 p.
1159 2620 1211 2696 73)
1234 2616 1316 2683 haec
1329 2619 1433 2684 uerba

279 2719 404 2801 dicere,
435 2717 525 2784 ouius
547 2722 596 2784 est
618 2737 714 2800 quam
736 2719 878 2783 maxime
900 2718 996 2784 edere
1022 2724 1054 2784 et
1076 2719 1210 2785 bibere?
1255 2718 1361 2796 Quam
1389 2722 1430 2786 ob

280 2839 410 2887 oausam
422 2815 542 2898 χορδαί
558 2837 618 2901 per
629 2810 780 2883 ‘uiscera'
796 2817 933 2884 reddere
948 2820 1118 2886 maluimus
1134 2839 1229 2902 quam
1245 2838 1303 2902 per
1322 2812 1429 2888 ‘farci-

279 2911 394 3004 mina',
416 2925 452 2985 ut
473 2919 550 2984 fecit
565 2917 736 3001 Grysarius
752 2919 793 2985 de
808 2919 885 2984 Dor.
902 2939 981 2985 com.
996 2941 1028 3004 p.
1042 2922 1115 3003 286,
1137 2939 1331 3004 quamquam
1346 2921 1430 2987 hanc

279 3041 392 3088 uocem
405 3021 447 3086 de
458 3021 530 3086 cibo
543 3020 651 3101 aliquo
667 3039 709 3085 ex
723 3021 882 3086 intestinis
897 3023 1083 3086 animalium
1098 3023 1254 3104 imprimis
1268 3023 1429 3106 pecudum

280 3128 436 3208 apparato
451 3121 599 3205 usurpari
613 3141 678 3187 non
692 3122 877 3204 ignoramus
893 3122 932 3188 cf.
945 3121 1064 3188 Cratin.
1077 3123 1114 3187 fr.
1124 3125 1184 3187 192
1193 3125 1248 3207 Κ.;
1263 3122 1428 3208 Aristoph.

279 3221 465 3290 Achilla.
489 3223 667 3306 fr.687K.;
690 3221 872 3289 Pherecrat.
888 3223 1107 3308 fr.130‚9K.;
1130 3224 1245 3290 Eubrd.
1257 3225 1376 3292 Lacon.
1392 3227 1429 3291 fr.

281 3323 415 3406 1,3M.;
444 3323 561 3391 Axio'n.
578 3322 723 3391 Chalcid.
742 3324 908 3408 fr.2,4M.
953 3323 1019 3390 Sed
1047 3327 1104 3392 uix
1134 3326 1340 3409 cogitandum
1370 3329 1430 3394 erit

281 3413 323 3490 de
345 3423 433 3488 uictu
447 3424 643 3508 animalium,
668 3427 818 3508 quoniam
840 3423 924 3492 hunc
945 3423 1133 3510 praedicare
1156 3447 1236 3512 opus
1257 3448 1322 3495 non
1344 3436 1429 3513 erat;

279 3521 512 3607 significantius
542 3523 624 3590 baec
656 3525 844 3610 intellegere
876 3527 988 3595 licebit
1017 3526 1058 3594 de
1088 3527 1231 3614 Cyclope
1264 3529 1429 3597 bominum

281 3645 395 3693 cenam
409 3623 559 3690 laudibus
574 3625 724 3710 tollente;
747 3646 852 3710 neque
870 3629 1020 3696 uocabuli
1039 3627 1141 3714 χορδή
1164 3651 1239 3698 usus
1262 3640 1428 3717 repugnat,

280 3728 310 3794 si
337 3724 468 3809 quidem
489 3722 698 3809 Aristophani
726 3728 920 3815 (Euripidill
947 3729 1055 3796 dicere
1083 3732 1174 3798 licuit
1190 3733 1237 3797 ir.
1254 3736 1429 3817 461,1K.:

278 3824 464 3913 ἐγευσάμην
482 3823 605 3911 χορδῆς
627 3820 645 3890 ὃ
669 3824 827 3916 δύστηνος
849 3833 979 3895 τέκνων.
1023 3831 1177 3900 Similiter
1201 3834 1289 3919 apud
1311 3834 1429 3902 Home-

279 3949 351 3996 rum
373 3929 498 3995 uiscera
513 3928 653 3995 comedit
667 3930 886 4015 Polyphemus
902 3931 962 3998 Od.
978 3933 1035 4018 IX,
1048 3936 1110 3998 292
1122 3955 1168 4018 sq.
1205 3935 1273 4002 Sed
1293 3955 1335 4002 ne
1357 3940 1429 4020 quis
