3028 4672
289 235 351 296 194
654 203 786 300 Genucius
798 193 939 286 'Ricardus
957 228 1077 286 Helland

288 407 427 476 stolium.
461 403 509 470 Ac
523 403 738 469 reuocandam
754 420 825 468 esse
844 405 877 466 et
895 406 996 466 totam
1016 399 1101 467 hanc
1122 420 1274 467 scaenam
1295 399 1328 465 in
1349 404 1426 464 antro

289 507 441 593 Cyclopis
464 511 497 572 et
518 505 662 588 singulas
683 523 735 572 res
763 503 806 568 ad
835 503 1013 568 litterarum
1042 501 1177 585 aliquod
1202 507 1427 568 monumentum

289 609 365 676 inde
384 610 528 692 apparet,
552 603 641 688 quod
661 604 859 688 singularum
880 622 986 669 rerum
1008 605 1167 670 enarratio
1190 604 1232 670 ad
1255 603 1352 669 linem
1372 602 1427 685 epi·

215 740 218 746 ¹
290 711 393 778 stulae
408 727 473 774 nou
488 711 557 773 erat
571 708 764 788 necessaria,
787 705 831 771 ad
846 725 942 789 quem
957 703 1138 772 suffecisset
1159 703 1305 772 indicare
1326 722 1428 785 magna

290 809 478 896 promisisse
507 806 663 873 Ithacum.
708 807 759 872 lix
788 811 993 874 monumento
1022 812 1130 872 antem
1159 826 1243 872 nunc
1273 803 1428 889 deperdito

291 912 373 978 haec
388 909 504 976 hausta
519 912 601 990 sunt,
624 907 712 990 quod
726 928 747 973 a
761 908 850 992 nullo
866 908 1031 991 scriptore,
1055 927 1135 991 quos
1151 907 1284 991 quidem
1304 908 1429 988 integros

291 1018 347 1079 aut
361 1011 533 1093 naufragos
555 1007 743 1091 habeamus,
766 1009 880 1076 Ulixes
896 1028 968 1075 cum
983 1007 1184 1094 Polyphemo
1207 1009 1249 1075 de
1272 1005 1429 1072 manumis·

291 1113 381 1181 sione
403 1118 438 1177 ut
460 1112 506 1176 ita
527 1108 672 1176 dicamus
693 1110 861 1195 paciscens
882 1109 1053 1176 inducitur.
1090 1111 1160 1175 lam
1181 1130 1255 1176 cum
1278 1107 1365 1194 apud
1384 1125 1429 1170 ne·

291 1215 412 1280 minem
441 1211 626 1279 coniunctos
653 1211 752 1276 fuisse
781 1230 907 1278 amores
929 1209 1122 1295 Polyphemi
1151 1230 1224 1277 cum
1253 1211 1348 1278 clade
1374 1209 1429 1273 elus

291 1314 385 1380 unius
401 1311 551 1379 carminis
566 1317 752 1396 argumento
766 1310 867 1378 firmis
883 1312 1086 1406 'documentis
1109 1313 1321 1396 comprobare
1342 1310 1429 1395 possi-

292 1434 362 1480 mus
384 1413 446 1481 nisi
469 1412 558 1497 apud
578 1412 809 1497 Philoxenum,
839 1413 918 1497 quid
947 1413 1051 1496 magis
1073 1419 1325 1480 consentaneum
1347 1430 1429 1494 quau

292 1521 432 1582 statuere
454 1513 584 1598 Synesii
606 1516 778 1600 epistulam
800 1534 872 1582 esse
894 1514 1091 1598 dithyrambi
1117 1519 1243 1598 partem
1270 1520 1371 1581 metro
1391 1531 1429 1578 so-

291 1616 416 1683 lutam?
459 1616 503 1681 At
524 1636 602 1682 uero
624 1622 745 1684 restant
765 1617 934 1699 nonnulla,
964 1634 1048 1699 quae
1070 1617 1148 1698 quin
1176 1635 1309 1700 prorsus
1337 1632 1430 1681 assen-

294 1719 411 1784 tiamur
431 1715 613 1800 prohibent.
1329 1755 1343 1774 .·
1468 1735 1469 1794 y

378 1817 562 1882 Videndum
576 1823 625 1883 est
639 1819 778 1899 primum
799 1817 847 1882 de
868 1817 1007 1884 Ulixis
1028 1837 1214 1900 persona.
1249 1817 1354 1896 Quam
1369 1836 1430 1899 quo·
1468 1819 1469 1828 ’

294 1917 392 1984 modo
406 1918 442 1982 iu
456 1917 571 1983 ceteris
587 1918 733 2000 epistulis
748 1924 855 1983 mente
876 1917 1107 1984 conformatam
1129 1917 1280 1985 habuerit
1294 1918 1431 2003 Synesius

294 2021 323 2087 si
345 2017 607 2102 contemplamur,
633 2038 698 2084 non
719 2038 849 2103 prorsus
872 2037 943 2084 cum
966 2019 1139 2086 Homerica
1161 2023 1336 2088 conuenire
1356 2018 1430 2086 uide·

294 2141 374 2188 mus.
407 2120 492 2186 Nam
513 2124 547 2184 ut
566 2139 621 2187 eos
636 2121 724 2188 locos
740 2122 929 2201 omittamus,
951 2121 1007 2186 ubi
1022 2121 1129 2188 Ulixis
1153 2141 1278 2190 errores
1301 2131 1333 2191 et
1355 2139 1430 2188 casus

297 2242 340 2288 ex
361 2241 450 2288 more
472 2220 586 2287 horum
609 2221 772 2289 rhetorum
787 2224 808 2300 ¹)
836 2223 870 2287 in
899 2223 1171 2305 comparationem
1198 2231 1354 2291 uocantur
1374 2241 1431 2289 eun

295 2323 433 2387 aliorum
453 2321 616 2388 hominum
639 2324 723 2403 fatis,
746 2324 846 2390 ueluti
869 2343 919 2408 ep.
937 2325 977 2387 32
1000 2330 1202 2408 comparatur
1217 2325 1347 2393 Ithacus
1362 2324 1430 2390 Sire-

295 2443 354 2488 nas
372 2423 510 2506 lugiens,
534 2443 584 2507 ep.
596 2427 656 2488 148
678 2424 851 2508 naufragus
866 2428 908 2501 (u.
926 2426 1023 2490 etiam
1040 2444 1090 2508 ep.
1106 2428 1188 2508 158),
1210 2426 1431 2510 Laestrygones

297 2522 538 2607 Cyclopemque
560 2544 714 2608 superans
737 2544 788 2607 ep.
803 2528 874 2608 137,
905 2524 1011 2592 herois
1033 2532 1179 2591 naturam
1201 2528 1298 2594 nobis
1320 2525 1432 2611 quiden

295 2625 400 2706 magis
422 2624 591 2706 magisque
618 2625 747 2691 uidetur
775 2625 964 2709 deposuisse
995 2633 1027 2692 et
1054 2629 1137 2694 uafri
1164 2630 1355 2697 ueteratoris
1381 2643 1432 2690 non

295 2730 363 2792 tam
383 2724 529 2790 induisse
550 2743 647 2806 quam
670 2726 788 2791 clarius
810 2727 1007 2812 exseruisse,
1030 2729 1076 2795 ita
1098 2737 1133 2795 ut
1153 2730 1327 2815 Sisyphi
1346 2726 1431 2814 patris

297 2846 393 2910 quem
409 2824 560 2891 dicebant
574 2825 608 2890 in
622 2827 878 2892 aestimationem
896 2829 1036 2914 ueniret,
1059 2832 1106 2897 sic
1121 2831 1235 2916 Synes.
1252 2852 1328 2898 eum
1344 2850 1389 2914 ep.
1400 2828 1431 2890 5⁰

295 2949 359 2994 una
382 2947 454 2994 cnm
476 2925 617 3010 Sisypho
639 2928 797 2993 nominat:
826 2923 885 2993 τὸν
900 2931 1050 3016 Σίσυφον
1073 2929 1109 2996 δὲ
1130 2933 1187 2997 καὶ
1207 2929 1267 2997 τὸν
1284 2926 1432 3000 Ὀδυσσέα

294 3031 395 3113 μισῶ.
431 3029 488 3093 καὶ
517 3023 579 3113 γὰρ
603 3026 637 3092 s'c'
655 3051 688 3094 τι
709 3029 765 3093 καὶ
794 3028 920 3113 λέγοιεν
948 3022 1090 3118 ἀληθές,
1121 3024 1206 3097 ἀλλὰ
1233 3036 1381 3100 τοιοῦτοί
1404 3049 1432 3113 γε

295 3115 380 3214 ἦσαν
403 3127 471 3196 οἶοι
492 3124 533 3193 τὰ
556 3129 701 3194 πλεῖστα
722 3127 925 3214 ψεύδεσθαι.
970 3133 1041 3200 Huc
1063 3134 1192 3201 uidetur
1220 3137 1318 3202 etiam
1347 3137 1430 3201 meta·

295 3230 447 3314 phoricus
462 3251 538 3298 usus
553 3251 604 3314 ep.
620 3235 680 3295 142
695 3239 850 3316 spectare.
884 3235 1010 3301 Deinde
1025 3256 1196 3320 personam
1212 3240 1348 3322 sumpsit
1362 3253 1431 3312 eam,

296 3333 329 3396 in
352 3351 448 3413 quam
472 3338 612 3399 mumtus
635 3339 705 3398 erat
725 3354 746 3399 a
768 3335 929 3419 Minerua,
958 3357 1030 3402 oum
1057 3338 1090 3402 in
1112 3337 1258 3405 Ithacam
1285 3339 1430 3413 rediisset,

297 3432 409 3496 senis
432 3432 541 3496 calui
564 3431 672 3500 dolis
701 3441 740 3500 et
767 3436 955 3503 fallaciis
984 3440 1163 3522 onerati,
1192 3442 1321 3524 qualem
1343 3440 1430 3523 syne-

297 3530 363 3597 sius
384 3535 493 3594 narrat
514 3531 547 3594 in
568 3532 900 3603 Anchemaehetarum
927 3529 1083 3605 memoria
1112 3559 1183 3608 esse
1213 3562 1263 3626 ep.
1279 3545 1348 3625 148,
1364 3539 1430 3603 288:

385 3700 409 3759 1)
426 3694 542 3762 Largam
559 3697 698 3758 materiam
711 3700 895 3767 suppeditabit
906 3701 1038 3758 Hercheri
1054 3703 1144 3760 index.
1170 3708 1271 3761 Amant
1288 3710 1344 3764 eius
1362 3714 1430 3761 casus
1466 3721 1467 3762 l

296 3777 409 3836 laudare
426 3777 556 3847 imprimis
574 3779 695 3836 lulianus
718 3787 788 3852 (epp.
803 3789 826 3838 7.
837 3787 880 3838 33.
889 3789 931 3841 52.
942 3791 975 3840 58
993 3787 1025 3842 tr.
1037 3793 1076 3856 5),
1100 3789 1250 3861 Procopius
1268 3796 1337 3864 (epp.
1350 3794 1385 3847 18.
1396 3791 1429 3840 25.
1466 3793 1467 3852 l

298 3866 627 3929 62.93.1tu.124.128)‚
654 3863 875 3936 Theophylaotus
897 3872 968 3939 (epp.
984 3873 1024 3926 43.
1041 3875 1082 3928 38.
1099 3878 1140 3928 55.
1156 3879 1199 3940 82)
1224 3877 1258 3932 ef.
1278 3878 1356 3934 etiam
1371 3875 1429 3927 Aen.
1466 3867 1467 3925 l

298 3947 604 4019 ep.23;np011.Tyan.
624 3962 665 4019 ep.
677 3954 724 4019 443
743 3951 811 4006 Luc.
830 3967 873 4022 ep.
885 3959 913 4024 33
931 3955 1001 4010 Plat.
1020 3971 1062 4026 ep.
1074 3961 1097 4013 2.
