2998 4674
30 1291 32 1328 l

438 235 479 289 De
497 234 662 304 Polyphemo
680 240 707 288 et
724 235 846 290 Galatea.
1151 237 1211 295 271
1292 281 1295 288 .

86 405 192 471 dinisse
213 404 344 472 Seruius
365 408 385 470 l.
399 408 418 471 l.
443 414 475 473 et
496 406 905 493 poetaAnthol.Lat.151‚
922 411 942 472 2
964 415 1074 493 aperte
1096 417 1213 477 testen-

85 514 127 572 tur
146 527 207 572 non
227 509 407 592 refragante
423 508 550 577 Ouidio.
584 512 632 577 Ao
646 512 707 576 fuit
721 512 858 576 nobilior
879 518 988 595 pastor
1006 532 1102 594 quam
1117 512 1214 596 Poly-

84 608 221 692 phemus,
251 631 323 676 oum
345 612 444 678 boues
468 631 540 678 eum
562 613 691 698 pauisse
714 615 878 678 euineatur
899 612 1087 679 Ps.·Mosoh.
1110 634 1140 678 ιι.
1157 617 1213 678 64;

82 707 154 791 βόας
181 702 213 773 ‹i’
239 708 289 776 'aba
319 724 388 777 σεῖο
418 711 559 795 coperia.
611 713 803 781 Ouidianam
833 735 909 780 uero
938 714 1106 780 Galateam
1135 734 1214 799 rupe

82 813 246 879 latitantem
268 814 444 898 Acidisque
466 817 499 881 in
521 818 643 899 gremio
665 817 857 884 residentem
880 821 964 893 (met.
980 817 1070 900 XIII,
1084 817 1145 881 786
1154 820 1214 900 sq.)

82 933 176 980 rursus
197 917 341 983 inuenies
363 918 397 982 in
411 918 602 985 Ps-Mosohi
623 941 653 985 u.
666 921 717 1003 60,
740 939 799 984 neo
815 938 909 1001 quem
933 926 1092 985 mortuum
1113 926 1214 985 muta·

82 1023 197 1100 tumque
219 1017 363 1103 nympha
382 1012 534 1086 ‘candida
549 1021 690 1105 praesent
705 1041 803 1105 saepe
822 1011 915 1086 mari'
935 1021 1058 1099 (Claud.
1075 1021 1117 1087 de
1132 1028 1214 1106 rapt.

81 1117 157 1184 Pros.
172 1121 225 1203 IV,
239 1125 335 1205 1sq.),
357 1123 466 1188 uiuum
489 1143 616 1206 quoque
640 1114 734 1188 ἅδιον
751 1112 858 1204 ἅλμας
879 1125 1001 1202 (Pe-M.
1018 1127 1072 1201 62)
1093 1124 1135 1191 ab
1158 1125 1215 1190 illa

30 1271 31 1290 ι
81 1221 229 1287 uisitatum
252 1242 324 1290 esse
345 1225 490 1309 negabis.
527 1226 675 1309 Denique
697 1226 841 1292 eiusdem
864 1226 952 1291 modi
974 1228 1103 1310 luctum,
1127 1227 1216 1310 quali

81 1319 178 1390 Bionis
199 1333 336 1392 mortem
359 1326 477 1394 deflere
500 1326 616 1394 dieitur
637 1328 783 1409 Galatea,
807 1348 878 1392 eam
892 1327 989 1393 Aoidi
1011 1348 1138 1412 quoque
1160 1349 1215 1395 ne-

81 1431 142 1488 cato
155 1428 304 1494 tribuisse
318 1449 422 1513 paene
438 1437 676 1514 exspectamus3
698 1430 802 1496 solent
818 1429 904 1494 euim
922 1431 1032 1513 pelagi
1053 1430 1215 1515 nymphae

80 1544 176 1594 amore
203 1532 257 1596 ucl
287 1551 432 1598 maerore
459 1552 630 1616 percussae
659 1531 816 1598 undarum
844 1531 1028 1613 reditusque
1057 1534 1215 1617 obliuisci,

30 1655 31 1716 ι
80 1632 167 1696 ueluti
181 1632 289 1716 Clytie
301 1632 360 1699 011.
372 1641 448 1701 met.
459 1634 514 1719 IV,
528 1637 589 1698 260
597 1654 666 1717 sqq.
674 1638 695 1711 ¹)
727 1633 945 1701 Pulcherrima
959 1641 1066 1701 autem
1082 1642 1131 1701 est
1145 1654 1215 1701 sen-

30 1731 32 1790 l

80 1734 168 1798 tentia
188 1755 265 1801 uere
288 1736 450 1820 bucolica,
481 1757 522 1802 ex
544 1758 609 1820 qua
630 1737 767 1804 Galatea
789 1739 900 1804 orbum
923 1757 1053 1821 gregem
1078 1757 1215 1820 pascens

79 1837 254 1920 proponitur
276 1838 329 1916 (cf.
347 1837 558 1904 Fritusohium
576 1861 649 1904 anu.
665 1840 810 1922 antiquit.
827 1841 886 1905 litt.
903 1839 947 1905 Vl
969 1835 1076 1924 [1848]
1099 1860 1129 1922 p.
1144 1842 1215 1922 759,

80 1938 126 2017 qui
145 1938 227 2004 bene
249 1947 415 2024 comparat
437 1940 573 2007 Theocr.
591 1942 648 2026 XI,
664 1943 727 2018 65).
771 1943 1001 2008 Existimamus
1023 1943 1119 2025 igitur
1142 1942 1215 2008 Bio-

79 2056 141 2102 ncm
155 2041 267 2108 Acidis
282 2043 434 2108 fabellam
451 2045 583 2110 carmini
603 2064 661 2110 suo
683 2044 724 2110 de
746 2044 897 2129 Cyclopis
913 2050 945 2110 et
960 2044 1115 2110 Galateae
1131 2065 1216 2110 amo-

79 2140 156 2208 ribus
177 2146 355 2228 composito
378 2146 554 2213 intonuisse
576 2153 673 2229 atque
696 2153 761 2212 tam
783 2166 860 2213 uero
883 2147 1023 2227 uiuoque
1045 2147 1153 2211 colore
1184 2153 1226 2227 et¹

79 2249 210 2312 mutuam
224 2245 387 2313 flammam
402 2249 663 2330 uoluptatemque
678 2249 852 2313 amantium
870 2255 902 2313 et
921 2248 1050 2329 puellae
1065 2247 1216 2313 acerbum

80 2342 211 2413 dolorem
227 2351 437 2436 expressisse,
460 2357 495 2415 ut
510 2349 686 2433 discipulus
701 2347 850 2414 laudator
864 2349 976 2430 augeri
990 2356 1119 2434 putaret
1133 2370 1218 2416 com·

79 2464 196 2516 munem
219 2451 261 2519 de
282 2452 427 2535 magistri
456 2458 557 2518 morte
586 2471 779 2534 maerorem,
810 2451 838 2532 si
867 2449 1107 2518 similitudinem
1137 2453 1219 2518 inter

79 2547 179 2618 AcidIs
193 2553 371 2636 Bionisque
385 2555 485 2620 fatum
499 2555 668 2637 amplexus
689 2551 774 2618 hune
796 2542 860 2636 pro¹
876 2553 934 2618 ille
956 2554 1162 2621 substitueret
1179 2591 1217 2599 -

30 2709 31 2716 ,
80 2654 127 2731 qni
141 2663 189 2721 est
202 2677 274 2723 mos
289 2662 394 2722 tectae
415 2655 656 2741 significationis
678 2654 740 2721 hae
762 2660 868 2722 aetate
890 2656 1112 2738 —simulque
1136 2658 1218 2723 celc-

30 2741 31 2760 ’
79 2751 197 2823 berrimi
220 2760 371 2826 carminis
394 2759 579 2825 memoriam
600 2764 769 2842 repeteret.
813 2759 928 2841 Neque
957 2760 1084 2824 obstant
1112 2764 1220 2824 cetera

79 2860 206 2943 uestigia
227 2863 343 2928 Bionei
372 2862 537 2945 carminIs,
566 2861 735 2946 quominus
761 2859 814 2926 hio
843 2857 972 2944 mythus
1001 2881 1073 2927 cum
1102 2861 1141 2926 iis
1167 2880 1218 2926 co-

79 2960 204 3037 puletur.

156 3063 254 3130 Redit
267 3065 423 3150 quaestio,
445 3065 530 3131 unde
545 3065 606 3131 Bio
622 3064 795 3146 sumpserit
812 3062 972 3129 fabellam.
1007 3062 1091 3127 Nam
1113 3064 1218 3146 ipsum

80 3179 94 3223 e
108 3166 193 3250 uulgi
208 3169 364 3234 memoria
378 3167 523 3253 mythum
539 3174 589 3234 sat
603 3168 772 3232 obscurum
794 3168 828 3231 in
848 3165 972 3250 poesim
995 3165 1132 3248 primum
1156 3172 1218 3232 tra-

80 3261 202 3336 duxisse
225 3271 257 3336 ei
279 3291 341 3336 non
363 3271 531 3354 probabile
546 3269 717 3350 uidebitur,
740 3268 795 3350 qui
811 3265 979 3349 Smyrnaei
1002 3267 1165 3350 ingenium
1188 3276 1220 3335 et

79 3372 172 3434 artem
194 3393 236 3438 ex
258 3373 399 3438 frustulis
425 3373 488 3440 sibi
515 3371 767 3438 resuscitaberit:
796 3369 968 3434 mediocris
996 3389 1074 3435 sanc
1103 3379 1219 3455 poetae

80 3465 200 3540 intrito
222 3482 481 3559 argumentorum
504 3473 580 3540 orbe
603 3473 770 3538 uersantis.
805 3471 857 3538 Ab
875 3472 977 3537 altera
998 3480 1106 3540 autem
1127 3483 1219 3560 parte

80 3570 104 3632 si
124 3573 346 3661 Nymphodori
369 3584 512 3644 tenemus
533 3581 673 3643 aetatem
695 3575 874 3657 Bionisque
893 3593 1009 3641 aeuum
1039 3579 1125 3645 tertii
1152 3579 1219 3642 lere

80 3689 106 3734 a.
121 3673 192 3742 Chr.
215 3681 336 3746 saeculi
359 3681 447 3745 exitu
469 3680 641 3746 alteriusue
671 3678 762 3744 initIo
789 3676 947 3763 florentis,
975 3697 1039 3744 non
1067 3697 1218 3760 magnum

82 3823 276 3841 Ἂ-

160 3917 184 3979 1)
201 3915 335 3970 lmmerito
358 3915 403 3968 bic
420 3914 500 3968 unius
517 3912 660 3970 Heiusiani
680 3915 781 3970 codicis
804 3913 947 3968 lectionem
969 3909 1147 3982 ¹lympharum
1168 3911 1218 3966 im-

80 3994 193 4056 luticus'
212 4001 350 4070 aspernati
366 4003 431 4054 sunt
448 3999 611 4054 recentiores
628 4000 745 4054 editores
763 3997 838 4052 uarie
855 3997 944 4052 locum
962 4001 1108 4050 tentaum.
