<?xml version="1.0" encoding="UTF-8"?>
<!DOCTYPE html PUBLIC "-//W3C//DTD XHTML 1.0 Transitional//EN"
    "http://www.w3.org/TR/xhtml1/DTD/xhtml1-transitional.dtd">
<html xmlns="http://www.w3.org/1999/xhtml" xml:lang="en" lang="en">
 <head>
  <title>
</title>
<meta http-equiv="Content-Type" content="text/html;charset=utf-8" />
  <meta name='ocr-system' content='tesseract 3.04.00' />
  <meta name='ocr-capabilities' content='ocr_page ocr_carea ocr_par ocr_line ocrx_word'/>
</head>
<body>
  <div class='ocr_page' id='page_1' title='image "./depolyphemoetga00hollgoog_0112.png"; bbox 0 0 2998 4674; ppageno 0'>
   <div class='ocr_carea' id='block_1_1' title="bbox 444 225 1339 296">
    <p class='ocr_par' dir='ltr' id='par_1_1' title="bbox 444 225 1339 296">
     <span class='ocr_line' id='line_1_1' title="bbox 444 225 1339 296; baseline 0.012 -17"><span class='ocrx_word' id='word_1_1' title='bbox 444 225 488 280; x_wconf 87' lang='lat' dir='ltr'><strong>De</strong></span> <span class='ocrx_word' id='word_1_2' title='bbox 504 226 668 296; x_wconf 78' lang='lat' dir='ltr'><strong>Polyphemo</strong></span> <span class='ocrx_word' id='word_1_3' title='bbox 686 231 713 282; x_wconf 89' lang='lat' dir='ltr'><strong>et</strong></span> <span class='ocrx_word' id='word_1_4' title='bbox 730 228 852 282; x_wconf 82' lang='lat' dir='ltr'><strong>Galatea.</strong></span> <span class='ocrx_word' id='word_1_5' title='bbox 1164 229 1226 289; x_wconf 81' lang='lat'><strong>239</strong></span> <span class='ocrx_word' id='word_1_6' title='bbox 1336 262 1339 267; x_wconf 96' lang='lat'>·</span> 
     </span>
    </p>
   </div>
   <div class='ocr_carea' id='block_1_2' title="bbox 164 390 1175 485">
    <p class='ocr_par' dir='ltr' id='par_1_2' title="bbox 164 390 1175 485">
     <span class='ocr_line' id='line_1_2' title="bbox 164 390 1175 485; baseline 0.004 -25"><span class='ocrx_word' id='word_1_7' title='bbox 164 401 195 460; x_wconf 93' lang='grc' dir='ltr'>Γ</span> <span class='ocrx_word' id='word_1_8' title='bbox 192 402 398 482; x_wconf 86' lang='grc' dir='ltr'><strong><em>ραμματικοί</em></strong></span> <span class='ocrx_word' id='word_1_9' title='bbox 405 447 414 477; x_wconf 86' lang='grc'><strong><em>,</em></strong></span> <span class='ocrx_word' id='word_1_10' title='bbox 438 395 572 480; x_wconf 81' lang='grc' dir='ltr'><em>Μώμου</em></span> <span class='ocrx_word' id='word_1_11' title='bbox 595 403 728 483; x_wconf 72' lang='grc' dir='ltr'><strong><em>στομίου</em></strong></span> <span class='ocrx_word' id='word_1_12' title='bbox 749 401 862 479; x_wconf 86' lang='grc' dir='ltr'><strong><em>τέκνα,</em></strong></span> <span class='ocrx_word' id='word_1_13' title='bbox 886 401 983 485; x_wconf 79' lang='grc' dir='ltr'><strong><em>σῆτες</em></strong></span> <span class='ocrx_word' id='word_1_14' title='bbox 1006 390 1175 481; x_wconf 81' lang='grc' dir='ltr'><strong><em>ἆκανθῶν,</em></strong></span> 
     </span>
    </p>
   </div>
   <div class='ocr_carea' id='block_1_3' title="bbox 3 498 1308 4067">
    <p class='ocr_par' dir='ltr' id='par_1_3' title="bbox 3 498 1308 4067">
     <span class='ocr_line' id='line_1_3' title="bbox 206 498 921 588; baseline 0.001 -25"><span class='ocrx_word' id='word_1_15' title='bbox 206 499 351 580; x_wconf 84' lang='grc' dir='ltr'><strong><em>τελχῖνες</em></strong></span> <span class='ocrx_word' id='word_1_16' title='bbox 371 499 513 582; x_wconf 78' lang='grc' dir='ltr'><strong><em>βίβλων,</em></strong></span> <span class='ocrx_word' id='word_1_17' title='bbox 536 498 727 588; x_wconf 77' lang='grc' dir='ltr'><strong><em>Ζηνοδότου</em></strong></span> <span class='ocrx_word' id='word_1_18' title='bbox 750 498 921 581; x_wconf 78' lang='grc' dir='ltr'><strong><em>σκύλακες,</em></strong></span> 
     </span>
     <span class='ocr_line' id='line_1_4' title="bbox 164 593 1140 687; baseline 0.002 -22"><span class='ocrx_word' id='word_1_19' title='bbox 164 600 381 684; x_wconf 78' lang='grc' dir='ltr'><em>Καλλιμάχου</em></span> <span class='ocrx_word' id='word_1_20' title='bbox 405 604 622 687; x_wconf 84' lang='grc' dir='ltr'><strong><em>στρατιῶται,</em></strong></span> <span class='ocrx_word' id='word_1_21' title='bbox 649 599 687 667; x_wconf 82' lang='grc' dir='ltr'><strong>ὃν</strong></span> <span class='ocrx_word' id='word_1_22' title='bbox 709 597 756 678; x_wconf 86' lang='grc' dir='ltr'><strong>ῶς</strong></span> <span class='ocrx_word' id='word_1_23' title='bbox 777 593 885 668; x_wconf 80' lang='grc' dir='ltr'><strong><em>ὅντλον</em></strong></span> <span class='ocrx_word' id='word_1_24' title='bbox 907 600 1140 679; x_wconf 76' lang='grc' dir='ltr'><strong><em>ἓκτονύσαντες</em></strong></span> 
     </span>
     <span class='ocr_line' id='line_1_5' title="bbox 206 695 981 791; baseline 0.003 -24"><span class='ocrx_word' id='word_1_25' title='bbox 206 695 280 768; x_wconf 74' lang='grc' dir='ltr'><strong>οὐδ’</strong></span> <span class='ocrx_word' id='word_1_26' title='bbox 307 697 408 770; x_wconf 75' lang='grc' dir='ltr'><strong><em>αὐτοῦ</em></strong></span> <span class='ocrx_word' id='word_1_27' title='bbox 429 710 538 770; x_wconf 83' lang='grc' dir='ltr'><strong><em>κείνου</em></strong></span> <span class='ocrx_word' id='word_1_28' title='bbox 559 707 712 791; x_wconf 78' lang='grc' dir='ltr'><strong><em>γλῶσσαν</em></strong></span> <span class='ocrx_word' id='word_1_29' title='bbox 736 697 981 790; x_wconf 73' lang='grc' dir='ltr'><strong><em>ἀποστρέφετε,</em></strong></span> 
     </span>
     <span class='ocr_line' id='line_1_6' title="bbox 163 795 1140 895; baseline 0.001 -25"><span class='ocrx_word' id='word_1_30' title='bbox 163 804 355 889; x_wconf 77' lang='grc' dir='ltr'><strong><em>συνδέσμων</em></strong></span> <span class='ocrx_word' id='word_1_31' title='bbox 378 807 503 892; x_wconf 72' lang='grc' dir='ltr'><strong><em>λυγρῶν</em></strong></span> <span class='ocrx_word' id='word_1_32' title='bbox 525 806 727 894; x_wconf 85' lang='grc' dir='ltr'><strong><em>θηρήτορες,</em></strong></span> <span class='ocrx_word' id='word_1_33' title='bbox 751 805 802 882; x_wconf 80' lang='grc' dir='ltr'><strong>οἷς</strong></span> <span class='ocrx_word' id='word_1_34' title='bbox 822 803 860 871; x_wconf 83' lang='grc' dir='ltr'><strong>τὸ</strong></span> <span class='ocrx_word' id='word_1_35' title='bbox 883 799 966 889; x_wconf 47' lang='grc' dir='ltr'><strong><em>(μέν’</em></strong></span> <span class='ocrx_word' id='word_1_36' title='bbox 992 795 1140 895; x_wconf 65' lang='grc' dir='ltr'><strong><em>ἢ“σφὶν’</em></strong></span> 
     </span>
     <span class='ocr_line' id='line_1_7' title="bbox 206 902 972 997; baseline 0.001 -25"><span class='ocrx_word' id='word_1_37' title='bbox 206 902 304 973; x_wconf 74' lang='grc' dir='ltr'><strong><em>εὔαδε</em></strong></span> <span class='ocrx_word' id='word_1_38' title='bbox 324 911 381 974; x_wconf 86' lang='grc' dir='ltr'><strong>καὶ</strong></span> <span class='ocrx_word' id='word_1_39' title='bbox 404 908 524 997; x_wconf 79' lang='grc' dir='ltr'><strong><em>ζητεῖν,</em></strong></span> <span class='ocrx_word' id='word_1_40' title='bbox 548 909 578 974; x_wconf 82' lang='grc' dir='ltr'><strong><em>εἰ</em></strong></span> <span class='ocrx_word' id='word_1_41' title='bbox 599 909 697 988; x_wconf 80' lang='grc' dir='ltr'><strong><em>κύνας</em></strong></span> <span class='ocrx_word' id='word_1_42' title='bbox 719 905 785 992; x_wconf 80' lang='grc' dir='ltr'><strong><em>εἶχε</em></strong></span> <span class='ocrx_word' id='word_1_43' title='bbox 806 907 972 994; x_wconf 79' lang='grc' dir='ltr'><strong><em>Κύκλωψ,</em></strong></span> 
     </span>
     <span class='ocr_line' id='line_1_8' title="bbox 162 1003 972 1098; baseline 0.002 -24"><span class='ocrx_word' id='word_1_44' title='bbox 162 1003 337 1095; x_wconf 77' lang='grc' dir='ltr'><strong><em>τρέβοισθ’</em></strong></span> <span class='ocrx_word' id='word_1_45' title='bbox 364 1010 412 1089; x_wconf 84' lang='grc' dir='ltr'><strong><em>εἰς</em></strong></span> <span class='ocrx_word' id='word_1_46' title='bbox 435 1011 542 1078; x_wconf 80' lang='grc' dir='ltr'><strong><em>αἰῶνα</em></strong></span> <span class='ocrx_word' id='word_1_47' title='bbox 562 1009 817 1098; x_wconf 80' lang='grc' dir='ltr'><strong><em>κατατρύζοντες</em></strong></span> <span class='ocrx_word' id='word_1_48' title='bbox 840 1003 972 1097; x_wconf 80' lang='grc' dir='ltr'><strong><em>ἆλιτροὶ</em></strong></span> 
     </span>
     <span class='ocr_line' id='line_1_9' title="bbox 207 1107 880 1200; baseline 0.003 -24"><span class='ocrx_word' id='word_1_49' title='bbox 207 1107 333 1180; x_wconf 77' lang='grc' dir='ltr'><strong><em>ἄλλων·</em></strong></span> <span class='ocrx_word' id='word_1_50' title='bbox 357 1112 391 1188; x_wconf 78' lang='grc' dir='ltr'><strong>ἒς</strong></span> <span class='ocrx_word' id='word_1_51' title='bbox 412 1107 445 1178; x_wconf 77' lang='grc' dir='ltr'><strong>δ’</strong></span> <span class='ocrx_word' id='word_1_52' title='bbox 466 1110 553 1200; x_wconf 81' lang='grc' dir='ltr'><strong><em>ἡμᾶς</em></strong></span> <span class='ocrx_word' id='word_1_53' title='bbox 576 1112 628 1180; x_wconf 82' lang='grc' dir='ltr'><strong>ἰὸν</strong></span> <span class='ocrx_word' id='word_1_54' title='bbox 651 1107 880 1198; x_wconf 76' lang='grc' dir='ltr'><strong><em>ἇσοσβέσατε,</em></strong></span> 
     </span>
     <span class='ocr_line' id='line_1_10' title="bbox 3 1205 1261 1303; baseline 0.003 -22"><span class='ocrx_word' id='word_1_55' title='bbox 3 1205 4 1270; x_wconf 56' lang='grc' dir='ltr'><em>ἑ</em></span> <span class='ocrx_word' id='word_1_56' title='bbox 75 1237 142 1298; x_wconf 92' lang='lat' dir='ltr'><strong>quo</strong></span> <span class='ocrx_word' id='word_1_57' title='bbox 171 1237 244 1282; x_wconf 88' lang='lat' dir='ltr'><strong>cum</strong></span> <span class='ocrx_word' id='word_1_58' title='bbox 272 1218 364 1300; x_wconf 84' lang='lat' dir='ltr'>quasi</span> <span class='ocrx_word' id='word_1_59' title='bbox 395 1219 428 1284; x_wconf 92' lang='lat' dir='ltr'><strong>in</strong></span> <span class='ocrx_word' id='word_1_60' title='bbox 456 1219 597 1285; x_wconf 89' lang='lat' dir='ltr'><strong>mediam</strong></span> <span class='ocrx_word' id='word_1_61' title='bbox 628 1219 908 1303; x_wconf 84' lang='lat' dir='ltr'><strong>grammaticorum</strong></span> <span class='ocrx_word' id='word_1_62' title='bbox 935 1218 1225 1285; x_wconf 87' lang='lat' dir='ltr'><strong>Alexandrinorum</strong></span> <span class='ocrx_word' id='word_1_63' title='bbox 1259 1231 1261 1236; x_wconf 83' lang='lat'>&#39;</span> 
     </span>
     <span class='ocr_line' id='line_1_11' title="bbox 3 1319 1225 1410; baseline 0.002 -27"><span class='ocrx_word' id='word_1_64' title='bbox 3 1335 5 1410; x_wconf 59' lang='grc' dir='ltr'>ξ</span> <span class='ocrx_word' id='word_1_65' title='bbox 76 1319 241 1384; x_wconf 88' lang='lat' dir='ltr'><strong>officinam</strong></span> <span class='ocrx_word' id='word_1_66' title='bbox 263 1322 612 1403; x_wconf 88' lang='lat' dir='ltr'><strong>controuersiarumque</strong></span> <span class='ocrx_word' id='word_1_67' title='bbox 635 1319 775 1386; x_wconf 88' lang='lat' dir='ltr'><strong>studium</strong></span> <span class='ocrx_word' id='word_1_68' title='bbox 803 1319 1009 1404; x_wconf 79' lang='lat' dir='ltr'><strong>inducamur,</strong></span> <span class='ocrx_word' id='word_1_69' title='bbox 1038 1327 1106 1386; x_wconf 88' lang='lat' dir='ltr'><strong>tum</strong></span> <span class='ocrx_word' id='word_1_70' title='bbox 1128 1341 1225 1404; x_wconf 87' lang='lat' dir='ltr'><strong>qnae·</strong></span> 
     </span>
     <span class='ocr_line' id='line_1_12' title="bbox 3 1422 1225 1504; baseline 0.003 -18"><span class='ocrx_word' id='word_1_71' title='bbox 3 1427 5 1470; x_wconf 75' lang='lat'>²</span> <span class='ocrx_word' id='word_1_72' title='bbox 75 1423 271 1487; x_wconf 86' lang='lat' dir='ltr'><strong>stiunoulam</strong></span> <span class='ocrx_word' id='word_1_73' title='bbox 293 1423 454 1504; x_wconf 90' lang='lat' dir='ltr'><strong>quandam</strong></span> <span class='ocrx_word' id='word_1_74' title='bbox 477 1423 518 1488; x_wconf 91' lang='lat' dir='ltr'><strong>de</strong></span> <span class='ocrx_word' id='word_1_75' title='bbox 540 1422 602 1488; x_wconf 96' lang='lat' dir='ltr'><strong>hoc</strong></span> <span class='ocrx_word' id='word_1_76' title='bbox 624 1429 810 1504; x_wconf 80' lang='lat' dir='ltr'><strong>argumento</strong></span> <span class='ocrx_word' id='word_1_77' title='bbox 838 1423 1015 1487; x_wconf 90' lang='lat' dir='ltr'><strong>institutam</strong></span> <span class='ocrx_word' id='word_1_78' title='bbox 1037 1444 1108 1490; x_wconf 87' lang='lat' dir='ltr'><strong>esse</strong></span> <span class='ocrx_word' id='word_1_79' title='bbox 1131 1423 1225 1491; x_wconf 91' lang='lat' dir='ltr'><strong>dooe-</strong></span> 
     </span>
     <span class='ocr_line' id='line_1_13' title="bbox 75 1519 1225 1610; baseline 0.003 -23"><span class='ocrx_word' id='word_1_80' title='bbox 75 1543 165 1587; x_wconf 86' lang='lat' dir='ltr'><strong>mur:</strong></span> <span class='ocrx_word' id='word_1_81' title='bbox 189 1520 219 1586; x_wconf 84' lang='grc' dir='ltr'><strong><em>εἰ</em></strong></span> <span class='ocrx_word' id='word_1_82' title='bbox 233 1520 332 1600; x_wconf 81' lang='grc' dir='ltr'><strong><em>κύνας</em></strong></span> <span class='ocrx_word' id='word_1_83' title='bbox 353 1519 419 1607; x_wconf 80' lang='grc' dir='ltr'><strong><em>εἶχε</em></strong></span> <span class='ocrx_word' id='word_1_84' title='bbox 434 1523 593 1608; x_wconf 78' lang='grc' dir='ltr'><strong><em>Κύκλωψ.</em></strong></span> <span class='ocrx_word' id='word_1_85' title='bbox 630 1524 702 1602; x_wconf 83' lang='lat' dir='ltr'><strong>Qua</strong></span> <span class='ocrx_word' id='word_1_86' title='bbox 723 1527 757 1590; x_wconf 94' lang='lat' dir='ltr'><strong>in</strong></span> <span class='ocrx_word' id='word_1_87' title='bbox 778 1525 835 1590; x_wconf 94' lang='lat' dir='ltr'><strong>lite</strong></span> <span class='ocrx_word' id='word_1_88' title='bbox 858 1526 1004 1607; x_wconf 90' lang='lat' dir='ltr'><strong>quamuis</strong></span> <span class='ocrx_word' id='word_1_89' title='bbox 1027 1525 1137 1610; x_wconf 87' lang='lat' dir='ltr'>pusilli</span> <span class='ocrx_word' id='word_1_90' title='bbox 1159 1546 1225 1591; x_wconf 92' lang='lat' dir='ltr'><strong>mo-</strong></span> 
     </span>
     <span class='ocr_line' id='line_1_14' title="bbox 75 1625 1225 1712; baseline 0.002 -22"><span class='ocrx_word' id='word_1_91' title='bbox 75 1626 178 1691; x_wconf 91' lang='lat' dir='ltr'><strong>menti</strong></span> <span class='ocrx_word' id='word_1_92' title='bbox 200 1625 409 1694; x_wconf 89' lang='lat' dir='ltr'><strong>diiudicanda</strong></span> <span class='ocrx_word' id='word_1_93' title='bbox 430 1628 578 1712; x_wconf 83' lang='lat' dir='ltr'><strong>fingimus</strong></span> <span class='ocrx_word' id='word_1_94' title='bbox 600 1628 693 1694; x_wconf 91' lang='lat' dir='ltr'><strong>nobis</strong></span> <span class='ocrx_word' id='word_1_95' title='bbox 719 1627 951 1711; x_wconf 78' lang='lat' dir='ltr'><strong>descriptiones</strong></span> <span class='ocrx_word' id='word_1_96' title='bbox 978 1629 1026 1693; x_wconf 89' lang='lat' dir='ltr'><strong>rei</strong></span> <span class='ocrx_word' id='word_1_97' title='bbox 1053 1629 1225 1711; x_wconf 80' lang='lat' dir='ltr'><strong>pecuariae</strong></span> 
     </span>
     <span class='ocr_line' id='line_1_15' title="bbox 75 1727 1224 1813; baseline 0.002 -20"><span class='ocrx_word' id='word_1_98' title='bbox 75 1727 272 1812; x_wconf 87' lang='lat' dir='ltr'><strong>Polyphemi</strong></span> <span class='ocrx_word' id='word_1_99' title='bbox 287 1730 329 1794; x_wconf 92' lang='lat' dir='ltr'><strong>ab</strong></span> <span class='ocrx_word' id='word_1_100' title='bbox 344 1731 575 1813; x_wconf 78' lang='lat' dir='ltr'><strong>antiquissimis</strong></span> <span class='ocrx_word' id='word_1_101' title='bbox 590 1750 691 1813; x_wconf 90' lang='lat' dir='ltr'><strong>usque</strong></span> <span class='ocrx_word' id='word_1_102' title='bbox 706 1730 750 1795; x_wconf 91' lang='lat' dir='ltr'><strong>ad</strong></span> <span class='ocrx_word' id='word_1_103' title='bbox 764 1730 954 1796; x_wconf 83' lang='lat' dir='ltr'><strong>nouissimos</strong></span> <span class='ocrx_word' id='word_1_104' title='bbox 977 1749 1073 1812; x_wconf 88' lang='lat' dir='ltr'><strong>quarn</strong></span> <span class='ocrx_word' id='word_1_105' title='bbox 1095 1750 1224 1796; x_wconf 87' lang='lat' dir='ltr'><strong>accura-</strong></span> 
     </span>
     <span class='ocr_line' id='line_1_16' title="bbox 76 1829 1225 1916; baseline 0.001 -21"><span class='ocrx_word' id='word_1_106' title='bbox 76 1832 202 1898; x_wconf 86' lang='lat' dir='ltr'><strong>tissime</strong></span> <span class='ocrx_word' id='word_1_107' title='bbox 223 1831 355 1898; x_wconf 83' lang='lat' dir='ltr'><strong>rimatos</strong></span> <span class='ocrx_word' id='word_1_108' title='bbox 378 1852 449 1899; x_wconf 90' lang='lat' dir='ltr'><strong>esse</strong></span> <span class='ocrx_word' id='word_1_109' title='bbox 466 1832 617 1898; x_wconf 74' lang='lat' dir='ltr'><strong>&#39;homines</strong></span> <span class='ocrx_word' id='word_1_110' title='bbox 639 1833 712 1897; x_wconf 91' lang='lat' dir='ltr'><strong>illos</strong></span> <span class='ocrx_word' id='word_1_111' title='bbox 743 1831 855 1898; x_wconf 91' lang='lat' dir='ltr'><strong>doctos</strong></span> <span class='ocrx_word' id='word_1_112' title='bbox 883 1831 1057 1916; x_wconf 86' lang='lat' dir='ltr'><strong>praecipue</strong></span> <span class='ocrx_word' id='word_1_113' title='bbox 1078 1829 1225 1898; x_wconf 91' lang='lat' dir='ltr'><strong>Homeri·</strong></span> 
     </span>
     <span class='ocr_line' id='line_1_17' title="bbox 6 1933 1226 2018; baseline 0.002 -20"><span class='ocrx_word' id='word_1_114' title='bbox 6 2005 7 2012; x_wconf 15' lang='lat' dir='ltr'><strong>y</strong></span> <span class='ocrx_word' id='word_1_115' title='bbox 77 1953 160 2016; x_wconf 86' lang='lat' dir='ltr'><strong>eam,</strong></span> <span class='ocrx_word' id='word_1_116' title='bbox 184 1933 274 1998; x_wconf 89' lang='lat' dir='ltr'><strong>ouius</strong></span> <span class='ocrx_word' id='word_1_117' title='bbox 289 1935 545 2018; x_wconf 86' lang='lat' dir='ltr'><strong>inuestigationis</strong></span> <span class='ocrx_word' id='word_1_118' title='bbox 560 1936 664 2000; x_wconf 88' lang='lat' dir='ltr'><strong>tennis</strong></span> <span class='ocrx_word' id='word_1_119' title='bbox 679 1935 832 2000; x_wconf 87' lang='lat' dir='ltr'><strong>remansit</strong></span> <span class='ocrx_word' id='word_1_120' title='bbox 846 1935 959 2000; x_wconf 91' lang='lat' dir='ltr'><strong>umbra</strong></span> <span class='ocrx_word' id='word_1_121' title='bbox 981 1936 1014 1998; x_wconf 92' lang='lat' dir='ltr'><strong>in</strong></span> <span class='ocrx_word' id='word_1_122' title='bbox 1037 1934 1160 2000; x_wconf 90' lang='lat' dir='ltr'><strong>scholio</strong></span> <span class='ocrx_word' id='word_1_123' title='bbox 1183 1935 1226 2000; x_wconf 92' lang='lat' dir='ltr'><strong>ad</strong></span> 
     </span>
     <span class='ocr_line' id='line_1_18' title="bbox 77 2035 1224 2121; baseline -0.001 -19"><span class='ocrx_word' id='word_1_124' title='bbox 77 2035 197 2119; x_wconf 87' lang='lat' dir='ltr'><strong>Odyss.</strong></span> <span class='ocrx_word' id='word_1_125' title='bbox 212 2035 271 2118; x_wconf 87' lang='lat' dir='ltr'><strong>IX,</strong></span> <span class='ocrx_word' id='word_1_126' title='bbox 287 2039 345 2100; x_wconf 80' lang='lat'><strong>221</strong></span> <span class='ocrx_word' id='word_1_127' title='bbox 365 2037 486 2104; x_wconf 89' lang='lat' dir='ltr'><strong>codicis</strong></span> <span class='ocrx_word' id='word_1_128' title='bbox 507 2039 698 2121; x_wconf 87' lang='lat' dir='ltr'><strong>praestantis</strong></span> <span class='ocrx_word' id='word_1_129' title='bbox 720 2038 925 2104; x_wconf 88' lang='lat' dir='ltr'><strong>Ambrosiani</strong></span> <span class='ocrx_word' id='word_1_130' title='bbox 945 2036 990 2120; x_wconf 79' lang='lat' dir='ltr'><strong>Q,</strong></span> <span class='ocrx_word' id='word_1_131' title='bbox 1016 2038 1072 2101; x_wconf 92' lang='lat' dir='ltr'><strong>ubi</strong></span> <span class='ocrx_word' id='word_1_132' title='bbox 1093 2038 1224 2120; x_wconf 85' lang='lat' dir='ltr'><strong>legitur:</strong></span> 
     </span>
     <span class='ocr_line' id='line_1_19' title="bbox 77 2131 1225 2225; baseline 0 -23"><span class='ocrx_word' id='word_1_133' title='bbox 77 2135 185 2203; x_wconf 81' lang='grc' dir='ltr'><strong><em>εἰπῶν</em></strong></span> <span class='ocrx_word' id='word_1_134' title='bbox 201 2139 257 2216; x_wconf 80' lang='lat' dir='ltr'><strong>(sc.</strong></span> <span class='ocrx_word' id='word_1_135' title='bbox 273 2131 290 2201; x_wconf 86' lang='grc' dir='ltr'>ὁ</span> <span class='ocrx_word' id='word_1_136' title='bbox 307 2137 461 2225; x_wconf 76' lang='grc' dir='ltr'><strong><em>ποιητής)</em></strong></span> <span class='ocrx_word' id='word_1_137' title='bbox 484 2137 520 2203; x_wconf 78' lang='grc' dir='ltr'><strong>δὲ</strong></span> <span class='ocrx_word' id='word_1_138' title='bbox 535 2137 647 2204; x_wconf 79' lang='grc' dir='ltr'><strong><em>πάντα</em></strong></span> <span class='ocrx_word' id='word_1_139' title='bbox 661 2135 703 2202; x_wconf 84' lang='grc' dir='ltr'><strong>τὰ</strong></span> <span class='ocrx_word' id='word_1_140' title='bbox 720 2131 970 2204; x_wconf 72' lang='grc' dir='ltr'><strong><em>ἀκολουθοῦντα</em></strong></span> <span class='ocrx_word' id='word_1_141' title='bbox 990 2140 1039 2222; x_wconf 94' lang='grc' dir='ltr'><strong>τῶ</strong></span> <span class='ocrx_word' id='word_1_142' title='bbox 1056 2132 1225 2225; x_wconf 82' lang='grc' dir='ltr'><strong><em>ὁλοκλήρῳ</em></strong></span> 
     </span>
     <span class='ocr_line' id='line_1_20' title="bbox 77 2234 1227 2325; baseline 0.002 -21"><span class='ocrx_word' id='word_1_143' title='bbox 77 2242 218 2322; x_wconf 79' lang='grc' dir='ltr'><strong><em>ποιμένι</em></strong></span> <span class='ocrx_word' id='word_1_144' title='bbox 239 2242 337 2325; x_wconf 76' lang='grc' dir='ltr'><strong><em>περὶ</em></strong></span> <span class='ocrx_word' id='word_1_145' title='bbox 359 2243 487 2306; x_wconf 92' lang='grc' dir='ltr'><strong><em>κυνῶν</em></strong></span> <span class='ocrx_word' id='word_1_146' title='bbox 510 2234 688 2306; x_wconf 68' lang='lat' dir='ltr'><strong>oudini</strong></span> <span class='ocrx_word' id='word_1_147' title='bbox 652 2247 687 2304; x_wconf 83' lang='lat' dir='ltr'><strong>al</strong></span> <span class='ocrx_word' id='word_1_148' title='bbox 693 2264 745 2304; x_wconf 79' lang='grc' dir='ltr'><strong><em>οτε</em></strong></span> <span class='ocrx_word' id='word_1_149' title='bbox 768 2262 865 2308; x_wconf 83' lang='lat' dir='ltr'><strong>causa</strong></span> <span class='ocrx_word' id='word_1_150' title='bbox 886 2241 1069 2307; x_wconf 85' lang='lat' dir='ltr'><strong>additat</strong></span> <span class='ocrx_word' id='word_1_151' title='bbox 1019 2246 1069 2306; x_wconf 86' lang='lat' dir='ltr'><strong>sa</strong></span> <span class='ocrx_word' id='word_1_152' title='bbox 1070 2261 1097 2306; x_wconf 90' lang='lat' dir='ltr'><strong>1s</strong></span> <span class='ocrx_word' id='word_1_153' title='bbox 1119 2241 1227 2306; x_wconf 85' lang='lat' dir='ltr'><strong>ieiuna</strong></span> 
     </span>
     <span class='ocr_line' id='line_1_21' title="bbox 76 2333 1227 2428; baseline -0.001 -21"><span class='ocrx_word' id='word_1_154' title='bbox 76 2345 177 2408; x_wconf 83' lang='grc' dir='ltr'><strong><em>τοῦτο</em></strong></span> <span class='ocrx_word' id='word_1_155' title='bbox 193 2341 230 2406; x_wconf 78' lang='grc' dir='ltr'><strong>δὲ</strong></span> <span class='ocrx_word' id='word_1_156' title='bbox 246 2340 482 2428; x_wconf 85' lang='grc' dir='ltr'><strong><em>συμφερόντως</em></strong></span> <span class='ocrx_word' id='word_1_157' title='bbox 496 2341 584 2428; x_wconf 78' lang='grc' dir='ltr'><strong><em>πρὸς</em></strong></span> <span class='ocrx_word' id='word_1_158' title='bbox 598 2340 656 2428; x_wconf 81' lang='grc' dir='ltr'><strong>τὴν</strong></span> <span class='ocrx_word' id='word_1_159' title='bbox 671 2337 851 2407; x_wconf 72' lang='grc' dir='ltr'><strong><em>ὑπόθεσιν.</em></strong></span> <span class='ocrx_word' id='word_1_160' title='bbox 886 2333 1017 2407; x_wconf 77' lang='grc' dir='ltr'><strong>οὐδὲ</strong></span> <span class='ocrx_word' id='word_1_161' title='bbox 979 2365 1042 2428; x_wconf 76' lang='grc' dir='ltr'><strong>γαρ</strong></span> <span class='ocrx_word' id='word_1_162' title='bbox 1058 2366 1098 2406; x_wconf 89' lang='grc' dir='ltr'><strong>αν</strong></span> <span class='ocrx_word' id='word_1_163' title='bbox 1112 2338 1227 2428; x_wconf 84' lang='grc' dir='ltr'><strong><em>εσωθη</em></strong></span> 
     </span>
     <span class='ocr_line' id='line_1_22' title="bbox 8 2407 1228 2579; baseline -0.003 -67"><span class='ocrx_word' id='word_1_164' title='bbox 8 2407 14 2579; x_wconf 89' lang='lat'><em>¹</em></span> <span class='ocrx_word' id='word_1_165' title='bbox 74 2438 253 2520; x_wconf 68' lang='lat' dir='ltr'><strong>Odoacar</strong></span> <span class='ocrx_word' id='word_1_166' title='bbox 276 2442 332 2509; x_wconf 81' lang='lat' dir='ltr'><strong>dod</strong></span> <span class='ocrx_word' id='word_1_167' title='bbox 354 2441 414 2530; x_wconf 82' lang='grc' dir='ltr'><strong>τὴν</strong></span> <span class='ocrx_word' id='word_1_168' title='bbox 435 2439 557 2530; x_wconf 75' lang='grc' dir='ltr'><strong><em>ὑλακὴν</em></strong></span> <span class='ocrx_word' id='word_1_169' title='bbox 576 2447 642 2509; x_wconf 93' lang='grc' dir='ltr'><strong>τῶν</strong></span> <span class='ocrx_word' id='word_1_170' title='bbox 662 2447 766 2510; x_wconf 89' lang='grc' dir='ltr'><strong><em>κυνῶν</em></strong></span> <span class='ocrx_word' id='word_1_171' title='bbox 789 2446 840 2520; x_wconf 82' lang='lat' dir='ltr'><strong>(ef.</strong></span> <span class='ocrx_word' id='word_1_172' title='bbox 856 2445 1001 2512; x_wconf 82' lang='lat' dir='ltr'><strong>Eustath</strong></span> <span class='ocrx_word' id='word_1_173' title='bbox 1024 2447 1228 2530; x_wconf 80' lang='lat' dir='ltr'><strong>p.1622‚12.</strong></span> 
     </span>
     <span class='ocr_line' id='line_1_23' title="bbox 78 2547 1227 2633; baseline 0.001 -21"><span class='ocrx_word' id='word_1_174' title='bbox 78 2553 222 2633; x_wconf 69' lang='lat' dir='ltr'><strong>278qu</strong></span> <span class='ocrx_word' id='word_1_175' title='bbox 257 2547 470 2632; x_wconf 83' lang='lat' dir='ltr'><strong>Fingebant</strong></span> <span class='ocrx_word' id='word_1_176' title='bbox 461 2549 521 2632; x_wconf 86' lang='lat' dir='ltr'><strong>rgit</strong></span> <span class='ocrx_word' id='word_1_177' title='bbox 521 2569 559 2612; x_wconf 93' lang='lat' dir='ltr'><strong>ur</strong></span> <span class='ocrx_word' id='word_1_178' title='bbox 508 2549 644 2614; x_wconf 88' lang='lat' dir='ltr'><strong>tsibi</strong></span> <span class='ocrx_word' id='word_1_179' title='bbox 665 2554 821 2632; x_wconf 84' lang='lat' dir='ltr'><strong>grammat</strong></span> <span class='ocrx_word' id='word_1_180' title='bbox 822 2549 864 2614; x_wconf 92' lang='lat' dir='ltr'><strong>ici</strong></span> <span class='ocrx_word' id='word_1_181' title='bbox 886 2549 940 2614; x_wconf 91' lang='lat' dir='ltr'><strong>isti</strong></span> <span class='ocrx_word' id='word_1_182' title='bbox 959 2548 1101 2631; x_wconf 91' lang='lat' dir='ltr'><strong>undique</strong></span> <span class='ocrx_word' id='word_1_183' title='bbox 1116 2550 1227 2632; x_wconf 84' lang='lat' dir='ltr'><strong>exple·</strong></span> 
     </span>
     <span class='ocr_line' id='line_1_24' title="bbox 78 2644 1226 2736; baseline -0.003 -19"><span class='ocrx_word' id='word_1_184' title='bbox 78 2659 144 2717; x_wconf 88' lang='lat' dir='ltr'><strong>tam</strong></span> <span class='ocrx_word' id='word_1_185' title='bbox 168 2659 201 2715; x_wconf 91' lang='lat' dir='ltr'><strong>et</strong></span> <span class='ocrx_word' id='word_1_186' title='bbox 222 2651 398 2734; x_wconf 86' lang='lat' dir='ltr'><strong>perfectam</strong></span> <span class='ocrx_word' id='word_1_187' title='bbox 421 2652 561 2734; x_wconf 88' lang='lat' dir='ltr'><strong>speeiem</strong></span> <span class='ocrx_word' id='word_1_188' title='bbox 586 2657 659 2736; x_wconf 91' lang='lat' dir='ltr'><strong>pas</strong></span> <span class='ocrx_word' id='word_1_189' title='bbox 660 2671 787 2734; x_wconf 86' lang='lat' dir='ltr'><strong>ons,</strong></span> <span class='ocrx_word' id='word_1_190' title='bbox 770 2644 999 2736; x_wconf 86' lang='grc' dir='ltr'><strong><em>ολόκληρον</em></strong></span> <span class='ocrx_word' id='word_1_191' title='bbox 1027 2653 1226 2733; x_wconf 73' lang='grc' dir='ltr'><strong><em>ποιμένα,</em></strong></span> 
     </span>
     <span class='ocr_line' id='line_1_25' title="bbox 79 2751 1227 2837; baseline -0.003 -17"><span class='ocrx_word' id='word_1_192' title='bbox 79 2754 224 2837; x_wconf 83' lang='lat' dir='ltr'><strong>singulas</strong></span> <span class='ocrx_word' id='word_1_193' title='bbox 247 2752 479 2820; x_wconf 90' lang='lat' dir='ltr'><strong>delineationes</strong></span> <span class='ocrx_word' id='word_1_194' title='bbox 502 2751 585 2820; x_wconf 90' lang='lat' dir='ltr'><strong>hanc</strong></span> <span class='ocrx_word' id='word_1_195' title='bbox 607 2755 649 2820; x_wconf 90' lang='lat' dir='ltr'><strong>ad</strong></span> <span class='ocrx_word' id='word_1_196' title='bbox 671 2775 816 2820; x_wconf 92' lang='lat' dir='ltr'><strong>normam</strong></span> <span class='ocrx_word' id='word_1_197' title='bbox 842 2761 1030 2822; x_wconf 89' lang='lat' dir='ltr'><strong>reuocantes</strong></span> <span class='ocrx_word' id='word_1_198' title='bbox 1053 2761 1085 2821; x_wconf 92' lang='lat' dir='ltr'><strong>et</strong></span> <span class='ocrx_word' id='word_1_199' title='bbox 1107 2755 1227 2818; x_wconf 84' lang='lat' dir='ltr'><strong>exami-</strong></span> 
     </span>
     <span class='ocr_line' id='line_1_26' title="bbox 78 2853 1227 2939; baseline -0.001 -18"><span class='ocrx_word' id='word_1_200' title='bbox 78 2863 201 2923; x_wconf 89' lang='lat' dir='ltr'><strong>nantes.</strong></span> <span class='ocrx_word' id='word_1_201' title='bbox 247 2853 401 2920; x_wconf 86' lang='lat' dir='ltr'><strong>Similiter</strong></span> <span class='ocrx_word' id='word_1_202' title='bbox 429 2856 574 2939; x_wconf 82' lang='lat' dir='ltr'><strong>litigasse</strong></span> <span class='ocrx_word' id='word_1_203' title='bbox 604 2856 756 2923; x_wconf 90' lang='lat' dir='ltr'><strong>censendi</strong></span> <span class='ocrx_word' id='word_1_204' title='bbox 785 2861 876 2921; x_wconf 88' lang='lat' dir='ltr'><strong>erunt</strong></span> <span class='ocrx_word' id='word_1_205' title='bbox 904 2854 945 2921; x_wconf 92' lang='lat' dir='ltr'><strong>de</strong></span> <span class='ocrx_word' id='word_1_206' title='bbox 975 2856 1089 2920; x_wconf 88' lang='lat' dir='ltr'><strong>ceteris</strong></span> <span class='ocrx_word' id='word_1_207' title='bbox 1119 2856 1227 2938; x_wconf 83' lang='lat' dir='ltr'><strong>gregis</strong></span> 
     </span>
     <span class='ocr_line' id='line_1_27' title="bbox 80 2951 1308 3042; baseline -0.002 -18"><span class='ocrx_word' id='word_1_208' title='bbox 80 2959 236 3042; x_wconf 77' lang='lat' dir='ltr'><strong>Cyclopei</strong></span> <span class='ocrx_word' id='word_1_209' title='bbox 265 2957 473 3042; x_wconf 88' lang='lat' dir='ltr'><strong>animalibus,</strong></span> <span class='ocrx_word' id='word_1_210' title='bbox 503 2959 643 3024; x_wconf 82' lang='lat' dir='ltr'><strong>maxime</strong></span> <span class='ocrx_word' id='word_1_211' title='bbox 674 2955 704 3021; x_wconf 85' lang='grc' dir='ltr'><strong><em>εἰ</em></strong></span> <span class='ocrx_word' id='word_1_212' title='bbox 729 2954 814 3040; x_wconf 79' lang='grc' dir='ltr'><strong><em>βόας</em></strong></span> <span class='ocrx_word' id='word_1_213' title='bbox 842 2951 907 3037; x_wconf 83' lang='grc' dir='ltr'><strong><em>εἶχε</em></strong></span> <span class='ocrx_word' id='word_1_214' title='bbox 929 2955 1094 3040; x_wconf 80' lang='grc' dir='ltr'><strong><em>Κύκλωψ,</em></strong></span> <span class='ocrx_word' id='word_1_215' title='bbox 1123 2975 1227 3039; x_wconf 89' lang='lat' dir='ltr'><strong>neque</strong></span> <span class='ocrx_word' id='word_1_216' title='bbox 1305 3016 1308 3022; x_wconf 92' lang='grc'><strong><em>,</em></strong></span> 
     </span>
     <span class='ocr_line' id='line_1_28' title="bbox 80 3059 1295 3142; baseline 0.002 -17"><span class='ocrx_word' id='word_1_217' title='bbox 80 3060 246 3126; x_wconf 88' lang='lat' dir='ltr'><strong>abhorruit</strong></span> <span class='ocrx_word' id='word_1_218' title='bbox 267 3064 417 3142; x_wconf 90' lang='lat' dir='ltr'><strong>putamus</strong></span> <span class='ocrx_word' id='word_1_219' title='bbox 438 3060 480 3125; x_wconf 88' lang='lat' dir='ltr'><strong>ab</strong></span> <span class='ocrx_word' id='word_1_220' title='bbox 502 3061 566 3126; x_wconf 91' lang='lat' dir='ltr'><strong>illis</strong></span> <span class='ocrx_word' id='word_1_221' title='bbox 597 3059 785 3126; x_wconf 89' lang='lat' dir='ltr'><strong>eruditionis</strong></span> <span class='ocrx_word' id='word_1_222' title='bbox 813 3059 1039 3125; x_wconf 89' lang='lat' dir='ltr'><strong>certaminibus</strong></span> <span class='ocrx_word' id='word_1_223' title='bbox 1062 3079 1227 3141; x_wconf 86' lang='lat' dir='ltr'><strong>quaerere,</strong></span> <span class='ocrx_word' id='word_1_224' title='bbox 1272 3059 1295 3128; x_wconf 67' lang='lat' dir='ltr'><em>J</em></span> 
     </span>
     <span class='ocr_line' id='line_1_29' title="bbox 80 3159 1227 3248; baseline -0.001 -20"><span class='ocrx_word' id='word_1_225' title='bbox 80 3183 154 3228; x_wconf 91' lang='lat' dir='ltr'><strong>num</strong></span> <span class='ocrx_word' id='word_1_226' title='bbox 170 3163 344 3248; x_wconf 76' lang='grc' dir='ltr'><strong><em>κυνηγέτης</em></strong></span> <span class='ocrx_word' id='word_1_227' title='bbox 364 3163 478 3228; x_wconf 83' lang='lat' dir='ltr'><strong>fuisset</strong></span> <span class='ocrx_word' id='word_1_228' title='bbox 491 3162 710 3247; x_wconf 86' lang='lat' dir='ltr'><strong>Polyphemus</strong></span> <span class='ocrx_word' id='word_1_229' title='bbox 726 3159 756 3224; x_wconf 95' lang='lat' dir='ltr'><strong>h.</strong></span> <span class='ocrx_word' id='word_1_230' title='bbox 770 3180 798 3224; x_wconf 92' lang='lat' dir='ltr'><strong>e.</strong></span> <span class='ocrx_word' id='word_1_231' title='bbox 813 3182 889 3226; x_wconf 92' lang='lat' dir='ltr'><strong>num</strong></span> <span class='ocrx_word' id='word_1_232' title='bbox 904 3161 1036 3227; x_wconf 90' lang='lat' dir='ltr'><strong>canibus</strong></span> <span class='ocrx_word' id='word_1_233' title='bbox 1050 3161 1094 3226; x_wconf 92' lang='lat' dir='ltr'><strong>ad</strong></span> <span class='ocrx_word' id='word_1_234' title='bbox 1109 3181 1227 3227; x_wconf 86' lang='lat' dir='ltr'><strong>uenan-</strong></span> 
     </span>
     <span class='ocr_line' id='line_1_30' title="bbox 80 3262 1227 3349; baseline -0.002 -19"><span class='ocrx_word' id='word_1_235' title='bbox 80 3265 156 3332; x_wconf 91' lang='lat' dir='ltr'><strong>dum</strong></span> <span class='ocrx_word' id='word_1_236' title='bbox 179 3285 255 3331; x_wconf 90' lang='lat' dir='ltr'><strong>usus</strong></span> <span class='ocrx_word' id='word_1_237' title='bbox 278 3270 372 3349; x_wconf 89' lang='lat' dir='ltr'><strong>esset,</strong></span> <span class='ocrx_word' id='word_1_238' title='bbox 395 3266 495 3330; x_wconf 91' lang='lat' dir='ltr'><strong>ueluti</strong></span> <span class='ocrx_word' id='word_1_239' title='bbox 517 3264 604 3348; x_wconf 90' lang='lat' dir='ltr'><strong>apud</strong></span> <span class='ocrx_word' id='word_1_240' title='bbox 626 3262 814 3347; x_wconf 80' lang='lat' dir='ltr'><strong>Euripidem</strong></span> <span class='ocrx_word' id='word_1_241' title='bbox 836 3284 867 3327; x_wconf 94' lang='lat' dir='ltr'><strong>u.</strong></span> <span class='ocrx_word' id='word_1_242' title='bbox 884 3265 954 3345; x_wconf 88' lang='grc'><strong><em>130,</em></strong></span> <span class='ocrx_word' id='word_1_243' title='bbox 978 3270 1173 3348; x_wconf 90' lang='lat' dir='ltr'><strong>quapropter</strong></span> <span class='ocrx_word' id='word_1_244' title='bbox 1194 3265 1227 3329; x_wconf 94' lang='lat' dir='ltr'><strong>in</strong></span> 
     </span>
     <span class='ocr_line' id='line_1_31' title="bbox 80 3356 1226 3451; baseline -0.003 -19"><span class='ocrx_word' id='word_1_245' title='bbox 80 3370 135 3435; x_wconf 93' lang='lat' dir='ltr'><strong>illo</strong></span> <span class='ocrx_word' id='word_1_246' title='bbox 159 3366 284 3434; x_wconf 88' lang='lat' dir='ltr'><strong>scholio</strong></span> <span class='ocrx_word' id='word_1_247' title='bbox 306 3367 520 3450; x_wconf 89' lang='lat' dir='ltr'><strong>adiunguntur</strong></span> <span class='ocrx_word' id='word_1_248' title='bbox 541 3367 642 3431; x_wconf 91' lang='lat' dir='ltr'><strong>nerba</strong></span> <span class='ocrx_word' id='word_1_249' title='bbox 664 3356 734 3446; x_wconf 72' lang='lat' dir='ltr'><strong>duc</strong></span> <span class='ocrx_word' id='word_1_250' title='bbox 749 3366 805 3428; x_wconf 87' lang='grc' dir='ltr'><strong>καὶ</strong></span> <span class='ocrx_word' id='word_1_251' title='bbox 821 3357 952 3451; x_wconf 73' lang='grc' dir='ltr'><strong><em>ἄθηρον</em></strong></span> <span class='ocrx_word' id='word_1_252' title='bbox 967 3361 1026 3450; x_wconf 83' lang='grc' dir='ltr'><strong>τὴν</strong></span> <span class='ocrx_word' id='word_1_253' title='bbox 1041 3364 1153 3450; x_wconf 82' lang='grc' dir='ltr'><strong><em>χώραν</em></strong></span> <span class='ocrx_word' id='word_1_254' title='bbox 1170 3363 1226 3430; x_wconf 76' lang='grc' dir='ltr'><strong>διὰ</strong></span> 
     </span>
     <span class='ocr_line' id='line_1_32' title="bbox 79 3464 1227 3536; baseline 0.002 -2"><span class='ocrx_word' id='word_1_255' title='bbox 79 3473 177 3536; x_wconf 81' lang='grc' dir='ltr'><strong><em>τοῦτο</em></strong></span> <span class='ocrx_word' id='word_1_256' title='bbox 192 3464 407 3534; x_wconf 77' lang='grc' dir='ltr'><strong><em>ὑποτίθεται.</em></strong></span> <span class='ocrx_word' id='word_1_257' title='bbox 440 3469 630 3536; x_wconf 79' lang='lat' dir='ltr'><strong>Theocritus</strong></span> <span class='ocrx_word' id='word_1_258' title='bbox 646 3487 722 3533; x_wconf 89' lang='lat' dir='ltr'><strong>uero</strong></span> <span class='ocrx_word' id='word_1_259' title='bbox 740 3474 926 3534; x_wconf 91' lang='lat' dir='ltr'><strong>uenatorem</strong></span> <span class='ocrx_word' id='word_1_260' title='bbox 941 3469 1115 3535; x_wconf 90' lang='lat' dir='ltr'><strong>secundum</strong></span> <span class='ocrx_word' id='word_1_261' title='bbox 1136 3471 1227 3536; x_wconf 87' lang='lat' dir='ltr'><strong>iabu-</strong></span> 
     </span>
     <span class='ocr_line' id='line_1_33' title="bbox 79 3571 1229 3656; baseline -0.002 -17"><span class='ocrx_word' id='word_1_262' title='bbox 79 3576 145 3640; x_wconf 91' lang='lat' dir='ltr'><strong>lam</strong></span> <span class='ocrx_word' id='word_1_263' title='bbox 172 3574 345 3656; x_wconf 82' lang='lat' dir='ltr'><strong>satyricam</strong></span> <span class='ocrx_word' id='word_1_264' title='bbox 374 3572 530 3638; x_wconf 82' lang='lat' dir='ltr'><strong>exhibens</strong></span> <span class='ocrx_word' id='word_1_265' title='bbox 552 3571 727 3656; x_wconf 78' lang='lat' dir='ltr'><strong>Cyclopem</strong></span> <span class='ocrx_word' id='word_1_266' title='bbox 754 3571 989 3655; x_wconf 91' lang='lat' dir='ltr'><strong>lepidissimum</strong></span> <span class='ocrx_word' id='word_1_267' title='bbox 1015 3573 1092 3639; x_wconf 92' lang='lat' dir='ltr'><strong>inde</strong></span> <span class='ocrx_word' id='word_1_268' title='bbox 1121 3572 1229 3639; x_wconf 87' lang='lat' dir='ltr'><strong>hausit</strong></span> 
     </span>
     <span class='ocr_line' id='line_1_34' title="bbox 80 3673 1227 3760; baseline -0.001 -20"><span class='ocrx_word' id='word_1_269' title='bbox 80 3677 256 3758; x_wconf 89' lang='lat' dir='ltr'><strong>inuentum,</strong></span> <span class='ocrx_word' id='word_1_270' title='bbox 279 3673 367 3757; x_wconf 89' lang='lat' dir='ltr'><strong>qnod</strong></span> <span class='ocrx_word' id='word_1_271' title='bbox 383 3680 559 3741; x_wconf 88' lang='lat' dir='ltr'><strong>amatorem</strong></span> <span class='ocrx_word' id='word_1_272' title='bbox 581 3674 734 3740; x_wconf 89' lang='lat' dir='ltr'><strong>rusticum</strong></span> <span class='ocrx_word' id='word_1_273' title='bbox 757 3682 885 3741; x_wconf 90' lang='lat' dir='ltr'><strong>tenerae</strong></span> <span class='ocrx_word' id='word_1_274' title='bbox 908 3674 1071 3760; x_wconf 90' lang='lat' dir='ltr'><strong>nymphae</strong></span> <span class='ocrx_word' id='word_1_275' title='bbox 1093 3675 1227 3741; x_wconf 86' lang='lat' dir='ltr'><strong>offeren-</strong></span> 
     </span>
     <span class='ocr_line' id='line_1_35' title="bbox 5 3769 1228 3861; baseline -0.002 -19"><span class='ocrx_word' id='word_1_276' title='bbox 5 3779 6 3786; x_wconf 77' lang='grc'>’</span> <span class='ocrx_word' id='word_1_277' title='bbox 82 3783 146 3843; x_wconf 89' lang='lat' dir='ltr'><strong>tem</strong></span> <span class='ocrx_word' id='word_1_278' title='bbox 168 3779 246 3844; x_wconf 86' lang='lat' dir='ltr'><strong>facit</strong></span> <span class='ocrx_word' id='word_1_279' title='bbox 266 3777 415 3843; x_wconf 90' lang='lat' dir='ltr'><strong>undecim</strong></span> <span class='ocrx_word' id='word_1_280' title='bbox 438 3775 606 3844; x_wconf 89' lang='lat' dir='ltr'><strong>hinnuleos</strong></span> <span class='ocrx_word' id='word_1_281' title='bbox 628 3784 840 3861; x_wconf 88' lang='lat' dir='ltr'><strong>quattuorque</strong></span> <span class='ocrx_word' id='word_1_282' title='bbox 859 3780 982 3844; x_wconf 90' lang='lat' dir='ltr'><strong>catulos</strong></span> <span class='ocrx_word' id='word_1_283' title='bbox 1004 3779 1137 3859; x_wconf 88' lang='lat' dir='ltr'><strong>ursinos,</strong></span> <span class='ocrx_word' id='word_1_284' title='bbox 1158 3769 1228 3858; x_wconf 81' lang='lat' dir='ltr'><strong>‘qui</strong></span> 
     </span>
     <span class='ocr_line' id='line_1_36' title="bbox 84 3871 780 3963; baseline 0 -19"><span class='ocrx_word' id='word_1_285' title='bbox 84 3900 154 3945; x_wconf 90' lang='lat' dir='ltr'><strong>oum</strong></span> <span class='ocrx_word' id='word_1_286' title='bbox 174 3880 233 3945; x_wconf 90' lang='lat' dir='ltr'><strong>illa</strong></span> <span class='ocrx_word' id='word_1_287' title='bbox 254 3879 364 3945; x_wconf 91' lang='lat' dir='ltr'><strong>ludere</strong></span> <span class='ocrx_word' id='word_1_288' title='bbox 386 3871 523 3963; x_wconf 85' lang='lat' dir='ltr'><strong>possint’</strong></span> <span class='ocrx_word' id='word_1_289' title='bbox 550 3881 589 3945; x_wconf 88' lang='lat' dir='ltr'><strong>ef.</strong></span> <span class='ocrx_word' id='word_1_290' title='bbox 606 3879 663 3962; x_wconf 84' lang='lat' dir='ltr'><strong>XI,</strong></span> <span class='ocrx_word' id='word_1_291' title='bbox 680 3882 720 3942; x_wconf 83' lang='lat'><strong>40</strong></span> <span class='ocrx_word' id='word_1_292' title='bbox 733 3901 780 3963; x_wconf 92' lang='lat' dir='ltr'><strong>sq.</strong></span> 
     </span>
     <span class='ocr_line' id='line_1_37' title="bbox 167 3981 1228 4067; baseline -0.002 -19"><span class='ocrx_word' id='word_1_293' title='bbox 167 3984 235 4048; x_wconf 88' lang='lat' dir='ltr'><strong>Iam</strong></span> <span class='ocrx_word' id='word_1_294' title='bbox 265 3987 540 4067; x_wconf 87' lang='lat' dir='ltr'><strong>repraesentemus</strong></span> <span class='ocrx_word' id='word_1_295' title='bbox 568 3985 675 4048; x_wconf 91' lang='lat' dir='ltr'><strong>animo</strong></span> <span class='ocrx_word' id='word_1_296' title='bbox 704 3981 1046 4066; x_wconf 81' lang='lat' dir='ltr'><strong>typumPolyphemi,</strong></span> <span class='ocrx_word' id='word_1_297' title='bbox 1076 3981 1180 4062; x_wconf 85' lang='lat' dir='ltr'><strong>qualis</strong></span> <span class='ocrx_word' id='word_1_298' title='bbox 1208 4002 1228 4046; x_wconf 90' lang='lat' dir='ltr'><strong>a</strong></span> 
     </span>
    </p>
   </div>
   <div class='ocr_carea' id='block_1_4' title="bbox 0 0 1510 4674">
    <p class='ocr_par' dir='ltr' id='par_1_4' title="bbox 0 0 1510 4674">
     <span class='ocr_line' id='line_1_38' title="bbox 0 0 1510 4674; baseline 0 0"><span class='ocrx_word' id='word_1_299' title='bbox 0 0 1510 4674; x_wconf 95' lang='lat' dir='ltr'><strong> </strong></span> 
     </span>
    </p>
   </div>
  </div>
 </body>
</html>
