3028 4672
230 202 292 262 152
490 203 493 210 '
597 201 727 272 Georgius
744 200 879 256 Ricardus
895 198 1015 256 Holland

229 399 299 446 rem
314 384 421 446 autem
435 375 667 442 dubitationem
686 381 795 441 mouet
815 373 944 438 tertium
967 371 1178 454 fragmentum
1193 366 1385 434 Herodiano

231 479 360 546 uindice
382 483 544 562 superstes
565 499 641 560 περ.
663 498 737 557 μον.
761 470 826 548 λεξ.
848 494 880 557 p.
896 476 945 555 10,
959 473 996 535 31
1010 467 1122 535 Lehrs.
1144 469 1194 546 (fr.
1207 472 1247 533 62
1258 469 1311 546 A.)

420 577 476 642 ναὶ
496 571 555 641 τὸν
577 574 745 656 Hostias,
768 570 956 656 κοιλότερος
980 561 1082 652 ὅλμον
1105 567 1193 634 πολύ

231 679 313 757 (cod.
328 675 457 744 αἰνετόν
473 698 551 745 corr.
562 676 702 744 Neinek.
720 677 831 743 comio.
844 673 898 740 Gr.
915 673 948 738 H
961 694 994 757 p.
1007 674 1069 736 482
1093 671 1163 739 cod.
1177 661 1283 752 ὃλμοῦ
1301 689 1384 736 corr.

230 779 397 858 Bloohius)
419 779 451 844 h.
468 799 495 844 e.
513 771 585 862 tper
605 779 807 863 Neptunum,
836 777 935 842 multo
958 775 1062 856 magis
1084 793 1182 839 cauus
1203 761 1385 837 mortario².

231 882 423 966 Recepimus
439 879 679 946 emendationes
693 875 849 943 lleinehii
864 883 896 942 et
910 873 1038 941 Bloohii
1054 892 1125 939 cum
1148 865 1293 940 omnibns
1314 872 1388 937 fere

233 981 410 1047 editoribus
432 986 468 1045 ut
488 981 581 1047 nobis
595 979 725 1045 uidetur
740 978 949 1059 certissimas;
971 994 1077 1058 neque
1091 973 1214 1040 Bodius
1229 974 1284 1038 1.1.
1300 993 1332 1056 p.
1342 976 1387 1036 74

231 1080 479 1164 deprecatione
501 1080 545 1145 ad
566 1081 750 1164 Neptunum
771 1083 897 1162 patrem
919 1097 939 1142 a
960 1075 1027 1142 filio
1051 1082 1181 1142 caecato
1204 1075 1303 1140 missa
1325 1073 1388 1140 illa

231 1181 333 1247 uerba
354 1181 575 1264 intellexisset,
598 1182 626 1246 si
642 1178 899 1246 emendationem
919 1179 987 1243 eius
1009 1176 1101 1242 uerbi
1121 1195 1163 1242 nc
1186 1196 1259 1242 oum
1281 1180 1387 1241 metro

232 1281 363 1365 quidem
385 1281 598 1364 congruentis,
621 1301 685 1364 quo
706 1280 750 1346 ad
771 1279 862 1344 illam
883 1278 1099 1361 suspicionem
1121 1277 1270 1343 inductus
1293 1276 1387 1342 uide·

231 1389 299 1466 tur,
330 1377 475 1465 αἰνετόν,
505 1383 656 1448 uouisset.
706 1380 898 1445 Dubitauter
926 1398 1141 1461 proponemus
1169 1385 1312 1444 nostram
1341 1377 1387 1442 dc

232 1482 347 1549 horum
367 1482 538 1549 uerborum
560 1501 654 1549 sensu
678 1483 903 1548 coniecturam.
941 1479 990 1544 Αα
1012 1479 1135 1545 dixisse
1159 1499 1198 1544 ea
1219 1477 1386 1563 Polyphe-

231 1604 319 1650 mum
348 1603 390 1649 ex
416 1584 560 1668 Neptuni
572 1585 594 1661 1)
626 1584 728 1667 patris
761 1580 965 1647 inuocatione
996 1579 1181 1664 probabile;
1215 1580 1388 1647 referimus

231 1691 339 1751 autem
360 1683 404 1750 ad
425 1684 589 1768 Euripidis
612 1703 642 1749 u.
660 1687 738 1764 577,
768 1682 825 1745 ubi
847 1679 1005 1764 Cyclops,
1035 1687 1207 1765 postquam
1235 1682 1388 1747 tdtimum

231 1786 382 1870 poculum
402 1783 560 1867 exhausit,
584 1784 663 1851 dicit
685 1775 732 1858 οἷς
754 1779 906 1857 ἑξένεοσα
927 1777 1024 1864 μόγις
1047 1781 1230 1865 significans
1254 1789 1387 1848 conten·

231 1886 366 1957 tionem,
398 1903 462 1966 qua
483 1884 526 1949 ad
549 1885 659 1950 calicis
682 1884 785 1950 solum
806 1883 1033 1967 penetrauerit.
1078 1881 1198 1960 Quidni
1226 1882 1387 1967 fingamus

231 1985 319 2070 apud
341 1984 571 2068 Epicharmum
594 2003 668 2050 eum
689 1984 896 2049 intermisisse
926 1983 1056 2050 ductum
1084 1984 1124 2050 de
1153 1985 1284 2069 potione
1311 2004 1386 2068 per-

233 2085 389 2172 petranda
410 2091 543 2170 propter
564 2085 673 2169 poculi
695 2083 899 2149 altitudinem
922 2083 1146 2169 desperantem
1168 2083 1218 2152 his
1240 2087 1349 2152 uerbis

420 2185 476 2251 ναὶ
498 2181 556 2250 τὸν
579 2182 747 2264 Ποτιὸἇν,
770 2181 959 2270 κοιλότερος
980 2176 1084 2267 ὅλμον
1107 2183 1193 2250 πολύ

232 2309 276 2356 so.
292 2282 310 2352 ὅ
326 2284 421 2364 κύλιξ
435 2284 535 2351 ἐστίν.
570 2286 618 2353 Ao
632 2286 761 2353 uidetur
774 2285 817 2352 ad
836 2285 919 2353 hanc
942 2288 1191 2370 explicationem
1212 2288 1384 2373 quadrare,

232 2389 320 2473 quod
342 2390 428 2456 calix
450 2394 653 2473 comparatur
675 2408 747 2454 oum
768 2389 936 2473 mortario,
968 2391 1118 2471 quoniam
1140 2410 1254 2456 uocem
1279 2381 1385 2472 ὅλμος

233 2496 265 2557 et
287 2491 391 2574 ipsam
414 2487 595 2571 significare
617 2490 769 2572 poculum
790 2489 891 2554 altum
914 2509 1028 2556 cornus
1057 2492 1166 2576 specie
1194 2494 1312 2558 scimus
1342 2513 1385 2558 ex

230 2591 347 2656 Athen.
363 2590 412 2654 XI
432 2610 464 2673 p.
477 2592 539 2652 494
546 2590 579 2672 b,
602 2588 658 2671 qui
679 2590 844 2654 notionem
859 2591 996 2658 illustrat
1010 2591 1218 2658 Menestheus
1233 2601 1384 2660 auctore:

231 2686 394 2776 ποτήριον
415 2691 568 2774 κερατίου
590 2685 718 2772 τρόπον
742 2685 957 2772 εἰργασμένον
984 2681 1072 2775 ὕψος
1101 2686 1147 2768 ὠς
1174 2707 1385 2778 πυγονιαῖον.

233 2785 432 2876 Sumpsimus
448 2788 554 2855 adbuc
568 2795 790 2872 argumentum
804 2791 933 2858 fabulae
948 2792 1183 2876 Epicharmeae
1201 2796 1301 2862 fuisse
1315 2796 1383 2864 Ho-

120 2889 121 2892 ’
231 2893 395 2976 merioum,
418 2909 611 2974 quamquam
624 2891 816 2956 testimoniis
837 2912 901 2959 non
922 2895 1138 2977 probauimus.
1175 2897 1291 2979 Neque
1312 2905 1383 2982 pot-

135 2991 139 2998 ’
232 3002 281 3062 est
301 2993 447 3079 probari,
471 2992 530 3059 sed
545 3011 616 3058 cum
635 2989 699 3056 duc
722 2997 808 3058 certe
830 2993 1010 3076 fragmenta
1031 3017 1150 3080 magna
1172 3017 1244 3064 cum
1265 2999 1383 3082 proba-

231 3097 357 3162 bilitate
379 3094 422 3160 ad
450 3091 531 3159 illud
558 3098 780 3175 argumentum
809 3095 912 3160 relata
941 3097 1019 3179 sint,
1048 3096 1123 3163 inde
1150 3099 1275 3182 aliquid
1304 3097 1382 3165 fidei

231 3196 360 3262 uidetur
382 3193 475 3260 effici.
519 3193 636 3260 Procul
658 3200 766 3260 autem
792 3193 943 3261 habenda
965 3198 1116 3279 quoniam
1138 3199 1235 3282 plane
1256 3200 1291 3264 in
1313 3220 1382 3267 oas-

232 3315 302 3362 sum
323 3294 392 3360 abit
419 3294 571 3376 cogitatio
600 3293 641 3360 de
664 3293 858 3379 Polyphemi
886 3317 996 3364 amore
1026 3299 1059 3363 in
1082 3299 1267 3384 Galateam,
1297 3321 1383 3385 quae

231 3395 341 3461 multis
356 3393 582 3460 ariolationum
600 3396 799 3479 ambagibus,
822 3403 909 3463 certo
931 3398 1050 3466 indicio
1072 3400 1161 3466 nullo
1183 3402 1288 3468 fulciri
1311 3411 1381 3487 pot-

232 3501 291 3579 est,
313 3494 348 3560 id
370 3492 457 3576 quod
478 3501 565 3560 recte
586 3495 776 3564 intellexere
794 3498 924 3582 Grysar.
939 3498 960 3564 l.
972 3499 993 3564 l.
1019 3505 1145 3584 etpost
1166 3522 1239 3568 eum
1260 3504 1381 3572 Loren·

231 3599 300 3664 aius
318 3589 374 3661 ‘de
396 3592 583 3677 Epicharmi
605 3595 663 3662 (loi
686 3599 754 3662 uita
775 3605 807 3664 et
829 3589 945 3683 script?
969 3620 1001 3683 p.
1015 3603 1085 3666 135.

231 3745 437 3760 -.......-

319 3830 343 3893 1)
362 3824 475 3882 Talibus
492 3825 661 3893 potissimum
679 3827 955 3886 ex‘obteststionibus
973 3830 1081 3886 uidetur
1098 3835 1261 3903 repetendus
1279 3850 1339 3891 esse
1356 3838 1382 3893 is

231 3929 306 3980 usus,
325 3926 405 3981 quem
421 3909 577 3979 nuperrimo
594 3911 752 3980 explanabit
770 3913 834 3969 Otto
852 3913 976 3970 Ribbeck
994 3915 1105 3971 Alazon.
1125 3934 1152 3987 p.
1165 3922 1196 3972 87
1215 3921 1270 3974 not.
1283 3923 1324 3976 28.
