2998 4674
444 249 486 305 De
503 248 669 320 Polyphemo
688 252 716 305 et
734 250 856 306 Galatea.

525 437 672 514 Cannu
697 440 766 515 XI.

163 569 221 648 Dc
248 569 465 649 auctoritaie
486 539 640 670 subulca
667 577 703 649 ta
723 577 898 675 posteros
917 578 1144 674 propagata.

165 725 445 810 Comprehendere
461 728 569 810 placet
585 726 647 794 hoc
663 728 769 811 capite
790 746 854 792 non
877 727 981 792 solum
1004 747 1087 810 quae
1109 737 1232 799 restant

86 825 173 892 huius
194 827 299 912 mythi
321 827 409 911 apud
431 834 577 911 posteros
599 831 787 913 mentiones,
811 826 998 912 sedetiam,
1021 847 1085 911 qua
1106 830 1231 896 ratione

86 933 113 992 et
132 934 198 994 tota
219 929 346 996 indoles
370 935 402 995 01
424 930 543 1012 singuli
564 927 668 994 τόποι
691 951 711 995 a
732 931 837 1014 poetis
856 929 979 996 conditi
1002 935 1035 996 et
1055 931 1175 997 seruati
1197 933 1231 998 in

85 1031 278 1111 sequentium
302 1032 493 1114 scriptorum
515 1033 703 1098 memoriam
732 1038 765 1097 et
790 1031 1055 1098 consuetudinem
1082 1032 1230 1098 abierint.

83 1129 256 1197 Afferemus
272 1131 371 1214 igitur
386 1151 466 1214 quos
480 1131 639 1217 philologi
656 1133 766 1199 dicunt
785 1134 873 1199 locos
891 1134 1066 1216 parallelos
1082 1153 1123 1199 ex
1138 1140 1231 1220 parte

84 1231 142 1294 iam
161 1238 332 1316 congestos
355 1234 458 1316 magis
481 1253 578 1316 quam
601 1241 687 1300 certo
711 1235 845 1321 consilio
869 1233 1013 1316 digestos
1035 1236 1077 1301 ab
1101 1235 1231 1302 editori·

83 1331 146 1414 bus,
169 1335 286 1415 quibus
309 1336 410 1400 multa
431 1355 490 1401 nos
513 1335 632 1402 debere
655 1335 794 1401 confessi
816 1336 947 1400 nomina
968 1335 1103 1403 laudare
1125 1338 1231 1404 breui-

83 1433 151 1499 tatis
166 1454 242 1518 ergo
258 1435 515 1520 supersedemus.
549 1438 664 1521 Neque
679 1453 756 1500 nero
772 1435 918 1499 ualemus
937 1436 1122 1503 uniuersum
1145 1439 1230 1504 litte·

82 1553 180 1600 rarum
195 1538 410 1620 posteriorum
426 1557 573 1621 eampum
587 1537 792 1621 perlustrare,
816 1535 874 1601 sed
889 1537 1064 1620 praecipue
1081 1538 1115 1602 in
1134 1539 1230 1606 buco-

83 1635 158 1700 lioae
179 1639 289 1721 poesis
312 1646 459 1705 auctores
481 1659 592 1706 omnes
615 1638 688 1702 illos
712 1636 842 1719 quidem
865 1635 1031 1702 Theocriti
1055 1643 1231 1706 sectatores

83 1735 237 1819 inquirere
257 1740 488 1825 constituimus,
511 1744 665 1823 quantum
679 1757 848 1821 possumus
865 1738 961 1804 etiam
976 1737 1018 1803 ad
1033 1739 1231 1822 reliquorum

82 1837 272 1906 imitatorum
295 1849 457 1906 cateruam
480 1840 656 1924 euagaturi.
731 1879 732 1882 =

159 1941 339 2010 Notissima
360 1949 430 2008 erat
450 1943 558 2025 imago
581 1938 777 2023 Polyphemi
798 1942 937 2024 pastoris
960 1940 1001 2006 de
1023 1941 1231 2009 11101011οΙ0-

82 2045 161 2106 team
175 2045 314 2110 retinere
330 2044 474 2110 conantis
490 2049 523 2109 et
537 2044 570 2109 in
584 2049 751 2126 poetarum
767 2048 958 2126 apparatum
976 2042 1230 2126 mythologicum
1318 2061 1320 2066 ’

82 2151 215 2230 recepta,
239 2146 327 2229 quod
348 2165 412 2210 non
434 2145 531 2211 modo
553 2145 670 2228 probat
689 2143 848 2227 Propertii
870 2143 960 2208 locus
983 2162 1082 2226 supra
1102 2144 1230 2229 allatus,

11 2245 778 2329 qmmmefflW

119 2345 201 2415 hane
223 2352 281 2427 (sc.
297 2348 439 2426 Thetim)
461 2349 593 2430 Panope
615 2347 765 2428 Dotoque
788 2363 877 2410 soror
899 2343 1083 2427 laetataque
1105 2344 1203 2414 fluctu

118 2451 322 2534 prosequitur
344 2450 438 2516 nudis
460 2450 582 2534 pariter
604 2446 742 2513 Galatea
763 2446 892 2511 lacertis

11 2565 13 2640 ς
120 2557 208 2617 antra
229 2558 362 2636 petens,
393 2551 502 2636 Siculo
524 2554 655 2616 reuocat
678 2548 836 2614 delitare
859 2545 1009 2632 Cyclops.

11 2659 13 2722 ῖ
81 2647 181 2718 Iltiam
191 2654 351 2720 Martialis
367 2653 429 2719 hoc
440 2657 661 2736 argumentum
676 2652 710 2715 in
725 2649 809 2715 tritis
822 2649 951 2714 fabellis
966 2649 1079 2716 laudat
1089 2651 1230 2718 Alexan·

11 2747 12 2778 ³
81 2749 168 2820 drina
196 2760 267 2822 arte
296 2756 429 2820 caelatis
452 2756 553 2839 epigr.
568 2753 624 2837 IV,
640 2753 726 2834 49,6
758 2772 831 2817 cum
858 2751 1034 2833 tragoediis
1063 2773 1230 2837 opponens

82 2855 319 2938 epigrammatis
335 2856 400 2922 suis
419 2855 471 2933 (cf.
487 2857 529 2938 X,
543 2859 575 2932 41
597 2860 631 2920 01
654 2854 826 2920 etiamtunc
846 2857 877 2916 01
895 2852 1073 2918 lectitatum
1095 2859 1128 2918 et
1150 2859 1231 2920 trac·

81 2957 185 3024 tatum.
220 2958 335 3040 Neque
351 2957 568 3023 oblitteratum
585 2960 633 3022 est
647 2955 768 3019 ultimis
787 2953 983 3019 senescentis
1006 2953 1231 3034 0000106100-

81 3074 135 3122 000
158 3059 301 3142 exodiis,
331 3059 390 3126 sed
412 3059 505 3142 quasi
526 3056 656 3124 flamma
678 3056 779 3122 semel
800 3072 886 3118 noua
908 3055 995 3135 capit
1023 3055 1230 3138 incrementa,

81 3159 263 3244 priusquam
284 3161 448 3226 obliuione
471 3161 638 3238 obruatur,
661 3176 719 3240 per
741 3155 891 3220 Nicetam
913 3153 1152 3238 Eugenianum,
1174 3156 1230 3238 qui

81 3268 173 3339 poeto
195 3269 231 3328 ut
253 3262 348 3328 huius
369 3261 472 3346 mythi
495 3262 541 3328 sie
564 3259 658 3323 huius
682 3253 929 3337 enumerationis
952 3274 1069 3336 agmen
1091 3256 1231 3324 claudet.

81 3357 146 3425 Iam
160 3383 258 3448 supra
272 3363 454 3430 monuimus
469 3363 512 3428 ad
527 3358 721 3444 Polyphemi
743 3356 946 3441 potissimum
969 3359 1136 3442 exemplar
1159 3378 1230 3427 cae·

81 3459 178 3529 latum
194 3483 265 3530 esse
280 3471 394 3549 typum
417 3465 596 3530 cantilenae
619 3459 806 3540 amatoriae,
830 3459 987 3542 imprimis
1011 3477 1083 3526 eam
1105 3467 1231 3528 senten-

82 3561 174 3648 tiam,
207 3586 249 3632 01
270 3586 335 3649 qua
356 3566 535 3633 remedium
557 3562 682 3628 ardoris
705 3561 746 3627 iis
769 3560 825 3643 qui
854 3567 962 3627 amant
992 3561 1130 3646 obtingit
1158 3583 1231 3628 can-

81 3665 175 3733 tando
207 3668 257 3747 (cf.
279 3666 407 3732 Philon.
430 3667 467 3731 fr.
481 3671 515 3750 7,
548 3664 684 3730 Theocr.
706 3663 769 3744 XI,
789 3666 883 3746 lsqq.
913 3665 986 3730 coll.
1008 3663 1096 3744 XIV,
1113 3666 1231 3746 52sq.;

82 3762 204 3833 Gallim.
221 3770 321 3853 epigr.
339 3773 396 3851 47,
419 3768 510 3834 Bion.
527 3768 564 3832 tr.
577 3766 697 3849 XVIII,
712 3768 752 3843 3).
790 3763 889 3831 (iuius
904 3765 1081 3832 sententiae
1096 3761 1152 3827 fila
1167 3763 1232 3828 late

83 3863 218 3936 distenta
240 3871 280 3937 et.
303 3890 430 3938 uersum
454 3870 677 3935 intercalarem
700 3865 787 3950 apud
809 3865 1041 3936 Nemesiauum
1063 3865 1122 3931 ecl.
1138 3864 1199 3929 IV:

165 3978 279 4056 cantet,
303 3979 390 4038 amat
412 3969 500 4054 quod
522 3972 674 4054 quisque:
698 3969 807 4034 leuant
829 3973 861 4033 01
884 3969 1027 4034 carmina
1050 3985 1153 4032 curas.

129 4077 247 4132 Leipziger
259 4080 360 4124 station.
381 4079 429 4123 vll.
996 4066 1027 4117 19
