2998 4674
264 249 326 309 308
621 247 758 316 ‚eargim
777 245 910 301 Ricardus
928 245 1045 302 Helland
1485 259 1494 312 a

265 425 304 492 cf.
321 422 457 489 Theoer.
473 422 531 505 XI,
548 425 584 486 31
597 441 666 505 sqq.
690 427 722 484 et
744 419 838 485 Hom.
856 419 916 487 Od.
932 420 991 503 IX,
1005 421 1083 502 292,
1107 438 1205 501 quam
1228 420 1423 488 sententiam
1493 465 1494 511 ἢ

265 526 426 610 expressit
440 523 652 589 Philostratus
672 523 768 587 etiam
784 522 911 588 Heroic.
928 542 960 605 p.
973 525 1042 604 164,
1056 523 1094 583 21
1105 541 1152 603 sq.
1164 522 1224 585 K.:
1247 518 1285 596 ὃς
1310 521 1422 586 λέον·
1493 515 1494 602 ἶ

264 650 334 704 τος
363 619 474 707 ὠμοῦ
503 624 620 710 δίκην
649 619 726 698 τοὺς
754 615 959 709 ἀνθρώπους
987 617 1119 708 ἢσθιον.
1165 622 1256 701 Quae
1283 645 1365 690 uero
1391 627 1423 690 in

264 731 441 814 posteriore
464 728 649 812 Cyclopeae
677 747 834 810 personae
864 726 1079 809 descriptione
1102 725 1364 792 FriederIchsius
1394 735 1424 792 et
1493 715 1494 752 ¹

264 833 400 899 Mattius
416 838 606 898 censuerunt
620 830 661 895 ab
679 830 757 895 artis
781 827 1011 894 consuetudine
1034 826 1220 909 abhorrere,
1245 831 1423 914 praecipue

265 942 371 1002 saetas
397 954 456 1017 per
477 938 577 998 totum
606 950 721 1015 corpus
750 931 928 1014 dispersas,
959 929 1092 995 Brunnii
1123 930 1279 1012 singulari
1309 951 1423 996 monu-

265 1044 443 1103 mentorum
465 1032 584 1117 peritia
604 1039 753 1116 putamus
775 1031 979 1098 labefactata.
1018 1032 1089 1098 Hoc
1112 1052 1209 1096 unum
1233 1034 1422 1099 retractabi-

265 1159 347 1220 mus,
369 1137 520 1219 quoniam
534 1134 668 1200 Matzius
689 1134 825 1211 (dissert.
841 1155 872 1219 p.
884 1137 953 1197 101.
983 1132 1099 1198 Philol.
1113 1132 1227 1198 XXXI
1242 1155 1274 1217 p.
1288 1138 1354 1199 624
1364 1141 1423 1218 sq.)

265 1243 298 1305 in
321 1238 528 1304 excusatione
550 1237 735 1302 Brunniana
764 1257 827 1302 non
856 1235 1035 1318 acquieuit,
1066 1234 1153 1318 quod
1183 1236 1301 1302 dicitur
1325 1237 1422 1322 Poly-

264 1341 401 1425 phemus
417 1359 534 1404 canens
548 1338 641 1404 fictus
657 1359 738 1420 esse,
760 1358 820 1403 nec
842 1344 949 1402 tamen
970 1343 1006 1401 ut
1026 1336 1062 1402 fit
1084 1337 1209 1403 cithara
1227 1360 1422 1406 commemo-

264 1449 361 1524 ratur,
388 1439 447 1507 sed
467 1440 575 1507 fistula
595 1442 654 1507 sub
677 1461 786 1507 umero
808 1440 953 1524 pendens
975 1439 1113 1507 necdum
1136 1441 1179 1506 ad
1202 1462 1238 1507 os
1262 1442 1420 1510 adhibita.

262 1539 445 1624 ‘Quomodo
461 1563 578 1608 canens
592 1542 670 1626 fingi
683 1548 820 1626 poterat,
836 1542 898 1608 nisi
913 1541 1069 1608 citharam
1085 1542 1208 1626 plectro
1225 1537 1419 1611 mouebat?'

265 1645 478 1713 concedimus
499 1643 617 1711 Matnio
640 1664 702 1708 non
729 1643 891 1724 sulficere,
921 1643 1008 1725 quod
1030 1645 1189 1710 Brunnius
1219 1647 1342 1720 (annal.
1359 1648 1421 1712 uol.

265 1749 340 1816 0111
354 1768 386 1831 p.
399 1752 451 1822 95)
473 1753 581 1813 monet
594 1744 702 1811 fistula
716 1743 953 1828 Polyphemum
969 1745 1157 1811 instructum
1172 1767 1244 1813 esse
1259 1748 1294 1812 in
1310 1749 1423 1815 tabula

266 1851 432 1932 Campana
453 1870 499 1913 nr.
515 1851 596 1910 1052
612 1848 723 1930 Helb.,
754 1847 905 1928 quoniam
927 1846 973 1942 ihi
995 1869 1036 1912 ne
1058 1853 1165 1931 potest
1186 1848 1321 1932 quidem
1351 1872 1422 1917 can-

265 1960 350 2034 tare,
378 1971 450 2016 cum
473 1949 643 2016 Galateam
669 1985 710 1993 —
740 1950 767 2014 si
790 1968 867 2014 uera
889 1955 938 2014 est
959 1949 1104 2032 Helbigii
1133 1951 1361 2034 interpretatio
1382 1989 1423 1997 —

264 2054 484 2139 amplectatur.
522 2050 589 2117 Sed
612 2071 667 2118 cur
689 2057 857 2117 canentem
878 2050 986 2116 fictum
1008 2072 1079 2117 esse
1098 2051 1275 2136 Cyclopem
1299 2063 1421 2123 statua-

265 2156 359 2223 mus?
395 2155 510 2221 Nonne
532 2153 668 2219 rhetoris
685 2152 940 2219 additamentum
963 2161 1012 2220 est
1034 2161 1136 2220 totum
1158 2155 1239 2221 illud
1263 2178 1422 2239 ποιμενι-

264 2255 322 2323 κὸν
339 2241 455 2338 dopo?
491 2257 567 2340 Ipsa
589 2255 689 2321 uerba
710 2247 757 2329 ὦς
773 2252 867 2340 λευκή
883 2277 920 2318 τε
943 2252 993 2340 εἴη
1017 2256 1072 2319 καὶ
1093 2258 1214 2342 γαῦρος
1236 2259 1292 2322 καὶ
1315 2254 1421 2344 ἡδίων

265 2353 418 2446 ὄμφακος
431 2360 452 2436 1)
474 2358 529 2422 καὶ
546 2350 591 2433 ὥς
607 2353 743 2442 νεβροὺς
755 2357 796 2440 τᾷ
813 2356 981 2442 Γαλατείᾳ
1004 2356 1178 2440 σκυμνούοι
1200 2360 1253 2424 καὶ
1279 2353 1422 2444 ἄρκτους

266 2463 435 2530 manifesto
458 2481 499 2526 ex
521 2459 656 2526 Theocr.
673 2459 721 2524 XI
743 2479 795 2524 uu.
812 2462 852 2522 20
860 2479 907 2542 sq.
931 2463 971 2522 40
979 2478 1027 2541 sq.
1057 2467 1184 2545 sumpta
1205 2471 1348 2546 arguunt
1371 2486 1420 2530 ca·
1493 2449 1494 2512 Ῑ

265 2564 369 2629 nentis
391 2564 543 2629 amatoris
566 2562 791 2645 cogitationem
814 2561 929 2628 fictam.
974 2561 1076 2628 Immo
1099 2571 1194 2630 antea
1222 2569 1335 2634 uerbis
1367 2570 1420 2631 καὶ

265 2659 284 2750 ἡ
307 2661 367 2746 μὲν
388 2661 503 2746 σύριγξ
524 2661 574 2727 ἔτι
596 2657 661 2726 ὑπὸ
686 2660 794 2748 μάλης
815 2664 871 2727 καὶ
894 2654 1030 2748 ἀτρεμεῖ
1051 2665 1227 2732 indicatum
1250 2675 1320 2735 erat
1343 2691 1420 2737 non-

265 2768 342 2834 dum
371 2772 500 2833 eantare
528 2764 779 2849 Polyphemum;
810 2765 868 2832 sed
897 2787 970 2832 curn
997 2766 1124 2834 fistulae
1152 2769 1274 2835 mentio
1300 2771 1421 2838 iniecta

266 2873 316 2954 sit,
338 2891 402 2936 non
417 2872 575 2952 temperat
593 2867 656 2932 sibi
677 2866 796 2949 rhetor,
820 2869 897 2949 quin
918 2868 1168 2951 pulcherrimam
1191 2873 1420 2940 sententiolam

265 2972 438 3039 Theocrito
457 2970 641 3054 subreptam
657 2990 675 3034 e
691 2968 845 3034 memoria
867 2976 1002 3053 promat.
1039 2972 1152 3054 Itaque
1174 2994 1216 3039 ne
1239 2974 1319 3039 illud
1346 2968 1418 3061 ᾄδει
1493 3029 1494 3066 r

267 3075 396 3159 quidem
412 3074 507 3140 nimis
525 3071 745 3157 premendum,
768 3070 855 3153 quod
877 3090 898 3135 a
920 3075 1141 3155 supplemento
1164 3074 1325 3142 rhetorico
1349 3099 1418 3145 ora·
1493 3083 1494 3154 j

265 3180 385 3245 tionem
413 3176 560 3260 perducit
588 3175 631 3241 ad
661 3175 817 3259 picturam
851 3193 947 3256 porro
976 3174 1230 3243 describendam.
1280 3179 1418 3245 Accedit

266 3281 352 3363 quod
375 3279 408 3344 in
430 3279 643 3344 monumentis
665 3277 768 3342 rarius
792 3295 908 3341 canens
931 3279 1119 3360 proponitur
1142 3279 1297 3365 Cyclops,
1329 3282 1417 3348 uelut

266 3385 299 3444 in
321 3382 385 3447 tab.
402 3380 513 3464 Camp.
536 3378 805 3461 nr.1047Helb.‚
838 3378 966 3461 saepius
995 3381 1155 3446 sinistram
1185 3382 1237 3448 uel
1266 3381 1414 3448 dextram
1493 3399 1494 3436 r

266 3483 299 3547 in
322 3479 490 3546 Galateam
518 3501 630 3547 uersus
659 3480 809 3564 tendens,
841 3481 942 3545 ueluti
972 3481 1004 3545 in
1033 3480 1096 3547 tab.
1114 3482 1223 3567 Oamp.
1245 3504 1298 3567 ap.
1318 3484 1412 3551 Helb.

265 3605 311 3650 nr.
330 3583 421 3645 1042.
440 3584 521 3644 11144
551 3584 604 3648 uel
632 3582 815 3665 adspiciens
838 3589 959 3648 tantum
981 3589 1120 3649 amatam
1146 3605 1193 3649 nr.
1212 3587 1413 3650 1043.1045.
1493 3625 1494 3634 .

265 3747 358 3823 χάραν
375 3748 446 3803 enlm
460 3751 502 3802 est
517 3746 654 3816 epitheton
672 3748 778 3801 leonis
798 3749 831 3801 ef.
843 3747 959 3818 Hesych.
971 3757 998 3804 et
1007 3751 1051 3806 lit.
1062 3751 1099 3804 Μ.
1112 3769 1132 3806 s.
1143 3769 1186 3820 u.;
1206 3752 1256 3807 Ou.
1267 3757 1330 3809 met.
1341 3753 1412 3816 XIV,

267 3839 324 3890 207,
345 3836 380 3891 ο1’.
394 3835 432 3889 Μ.
443 3833 532 3887 Arditi
544 3833 561 3887 l.
573 3833 591 3887 l.
607 3849 632 3901 p.
643 3836 720 3900 13sq.

354 3925 378 3986 1)
395 3920 509 3976 Videtur
525 3919 618 3972 rhetor
640 3934 694 3972 non
716 3917 880 3973 intellexisse
898 3919 1072 3976 Theocritum
1089 3919 1141 3986 XI,
1157 3927 1188 3977 21
1212 3923 1258 3988 (cf.
1279 3923 1409 3978 Fritcsch.

267 4006 302 4059 ad
313 4004 389 4073 h.1.)‚
408 4021 487 4073 quem
504 4004 617 4060 Ouidius
634 4003 745 4059 liberius
762 4003 882 4059 imitatus
900 4010 942 4060 est
959 4010 1020 4060 met.
1031 4005 1107 4073 XIII,
1118 4011 1175 4062 795.
