3028 4672
444 287 485 344 De
503 288 667 358 Polyphemo
686 294 713 344 ct
731 288 853 346 Galatea.
1166 293 1225 350 161

68 481 170 545 quam
186 463 303 545 partim
326 481 368 528 ex
390 462 607 547 discrepantia
629 461 743 545 opicae
766 467 799 527 et
820 462 1016 528 dramaticus
1039 464 1148 547 poesis
1171 482 1227 530 ex·

69 564 229 647 plicatur,
255 569 363 630 tamen
385 563 474 649 apud
496 564 653 630 comicum
676 561 777 629 habes
800 568 1052 630 consummatum
1074 564 1227 647 galonem

69 665 248 730 delicatum
270 666 304 730 in
325 667 394 732 fera
415 666 501 751 dape
529 664 738 732 aestimanda.
781 663 927 731 Eandem
956 665 1150 748 elegantiam
1178 667 1226 732 in·
1259 661 1265 670 '

68 767 220 832 uenimus
248 767 338 852 apud
365 766 569 852 Euripidem,
598 766 655 832 ubi
682 766 791 831 multis
820 768 901 832 locis
930 765 1114 833 differentia
1141 766 1226 832 inter

70 873 197 934 coctam
219 887 390 951 assamque
406 886 535 934 carnem
557 866 730 932 humanam
754 867 922 952 indicatur,
946 887 1140 952 quamquam
1160 887 1226 934 non

69 974 137 1034 tam
159 969 287 1036 subtilis
309 970 411 1053 palati
434 968 625 1035 describitur
647 967 803 1054 Cyclops,
826 970 927 1035 ueluti
950 973 1012 1035 243
1024 989 1110 1053 sqq.:

588 1062 635 1144 ὥς
656 1073 838 1156 σφαγέντος
860 1062 978 1135 αὐτίκα

277 1168 445 1256 πλησουοι
468 1167 646 1257 aedelredo
669 1167 749 1257 ἐμὴν
772 1162 834 1236 ἄντ’
854 1164 1025 1257 ἄνθρακος

278 1269 409 1358 θερμὴν
431 1268 564 1349 ἐ’ὂοντος
586 1264 674 1338 δαῖτ’
694 1266 772 1359 ἄτερ
794 1270 998 1359 κροανόμων,

277 1372 319 1440 τὰ
342 1367 377 1440 d’
402 1371 437 1439 ἐκ
459 1374 596 1462 λέβητος
619 1370 714 1460 ἑφθὰ
736 1374 792 1438 καὶ
813 1372 984 1462 τενηκόνα.

72 1478 111 1542 cf.
137 1481 208 1542 358.
226 1480 297 1542 373.
314 1481 431 1561 403sq.

158 1578 294 1645 Videtur
319 1585 426 1646 autem
454 1579 546 1646 nobis
575 1579 758 1644 coniectura
779 1577 915 1644 Porsoni
943 1577 987 1644 ad
1009 1577 1094 1643 Orat.
1110 1578 1225 1661 fragm.

72 1701 103 1744 u.
117 1684 136 1742 2
151 1671 234 1744 κάπ’
249 1671 436 1766 ἀνθρακιᾶς
450 1701 509 1764 pro
525 1670 817 1764 κάπανθρακλοας,
840 1685 876 1746 ut
889 1678 1006 1745 Athen.
1018 1679 1066 1743 IX
1080 1698 1112 1761 p.
1127 1680 1188 1743 385
1197 1699 1226 1762 e,

72 1781 127 1846 acl
143 1775 421 1868 ἐπανθρακώοας,
444 1787 480 1848 ut
500 1782 582 1849 Poll.
594 1782 648 1865 VI,
661 1783 702 1846 69
726 1779 833 1865 habet,
857 1800 954 1863 qnam
976 1781 1116 1846 maxime
1139 1800 1224 1846 com·

71 1884 226 1968 mandari,
251 1882 337 1967 quod
359 1884 422 1950 tria
443 1903 563 1968 genera
584 1881 793 1967 apparandae
817 1885 921 1949 carnis
943 1884 1039 1950 facilc
1055 1882 1223 1966 distingui-

71 2006 151 2068 mus,
175 1985 307 2052 difficile
329 1990 488 2068 quattuor,
515 1982 652 2071 φρύγειν
674 1990 794 2051 torrere
816 2005 859 2052 sc.
883 1985 916 2049 in
939 1985 1102 2068 craticula,
1126 1982 1225 2068 ἕψειν

72 2106 210 2170 coquere
233 2107 276 2153 sc.
300 2089 334 2153 in
355 2107 450 2171 aqua,
474 2078 585 2152 ὀπτᾶν
607 2106 716 2153 assare
739 2087 773 2152 in
795 2107 875 2153 ueru
897 2087 1088 2152 carbonibus
1103 2107 1221 2170 suppo·

73 2191 152 2273 sitis,
168 2208 265 2271 quem
278 2189 409 2256 assandi
424 2189 555 2256 modum
566 2187 730 2270 Euripidis
745 2189 810 2254 loci
825 2207 923 2271 supra
937 2187 1028 2252 allati
1042 2187 1224 2254 ostendunt.

72 2291 210 2358 Omnino
233 2291 366 2358 subtiles
389 2290 610 2358 distinctiones
632 2288 798 2356 adamauit
820 2289 960 2374 Cyclops
982 2286 1166 2372 Oratineus,
1190 2288 1226 2356 id

72 2393 159 2476 qnod
182 2392 402 2460 demonstrant
424 2398 456 2458 et
477 2392 540 2457 tria
560 2392 631 2456 iura
657 2380 762 2476 ἅλμη,
785 2379 929 2476 ὀξάλμη,
953 2386 1170 2476 σκοροδάλμη
1193 2395 1226 2457 et

71 2496 133 2560 tria
148 2514 268 2578 genera
283 2496 376 2562 lactis
399 2495 436 2560 fr.
451 2497 511 2557 142
534 2489 620 2577 γάλα
636 2488 760 2571 λευκόν,
783 2487 879 2570 πυός,
902 2488 1077 2580 ποριάνης,
1104 2492 1132 2559 si
1155 2493 1225 2576 qui·

71 2596 147 2662 dem
169 2598 306 2664 alterum
327 2617 454 2662 uersum
465 2595 655 2684 ,Oratineum
671 2613 742 2661 esse
756 2614 834 2661 uere
849 2595 1029 2679 suspicatus
1046 2600 1095 2662 est
1109 2595 1224 2663 Porso-

69 2719 139 2781 nus,
163 2705 260 2781 atque
273 2697 335 2765 hac
347 2698 478 2781 quidem
493 2717 535 2763 ex
550 2717 648 2764 causa
662 2698 812 2764 reicimus
826 2696 998 2763 lectionem
1012 2717 1032 2762 a
1047 2699 1224 2766 nouissimo

70 2801 196 2868 editore
217 2820 275 2885 pro
302 2795 403 2866 ‘notu
426 2790 630 2882 ὄαινύμενοι’
656 2800 856 2884 propositam
882 2791 1003 2881 ‘copula
1026 2790 1223 2880 olrdpevoa’.

69 2903 181 2968 Induit
201 2903 299 2986 igitur
313 2900 533 2986 Polyphemus
555 2921 727 2986 personam
747 2900 851 2982 coqui,
874 2900 976 2967 ueluti
991 2919 1063 2967 eum
1079 2901 1225 2985 appellat

69 3005 243 3090 Euripides
261 2995 377 3070 Ἅιδου
393 2999 551 3086 μάγειρον
566 3002 656 3086 Gycl.
668 3003 740 3084 397,
764 3006 796 3068 et
811 3001 957 3084 congruit
979 3020 1050 3067 eum
1073 2999 1136 3067 hac
1152 3020 1224 3086 per-

69 3128 150 3175 sona
179 3107 217 3172 fr.
232 3109 292 3172 135
319 3105 530 3190 probabiliter
552 3103 615 3172 hue
637 3125 657 3169 a
679 3104 821 3186 Bergkio
843 3102 979 3168 relatum
1000 3101 1082 3168 Poll.
1094 3101 1149 3184 VI,
1166 3104 1223 3166 26:

277 3200 372 3272 οὔπω
387 3198 486 3271 ''mrov
508 3206 660 3271 τοιοῦτον
683 3195 761 3269 οὐδὲ
783 3206 909 3283 πίομαι

275 3305 447 3392 Μάρωνα,

70 3414 193 3498 quippe
209 3431 273 3494 qno
287 3410 370 3476 bene
391 3413 518 3476 notetur
540 3407 703 3490 elegantia
725 3405 758 3469 in
778 3405 864 3471 uinis
885 3404 1105 3472 aestimandis.
1138 3407 1222 3474 Nam

69 3519 158 3583 recte
174 3513 397 3580 concluserunt
419 3510 470 3577 his
492 3529 534 3576 ex
555 3509 664 3576 uerbis
686 3508 877 3589 interpretes
900 3506 965 3573 iam
986 3527 1044 3573 usu
1060 3510 1223 3592 cognitum

70 3616 224 3683 habuisse
245 3614 356 3679 uinum
379 3612 555 3696 Cyclopem
582 3615 617 3675 ut
644 3609 733 3694 apud
754 3609 929 3675 Homerum
953 3606 1013 3674 Od.
1029 3609 1087 3693 IX,
1104 3611 1223 3695 357sq.

69 3720 118 3785 sio
139 3716 228 3802 apud
250 3715 424 3799 Cratinum,
451 3714 593 3780 nondum
615 3718 723 3783 autem
745 3717 811 3778 tam
833 3712 1026 3795 praestantis
1048 3717 1143 3778 notae
1165 3733 1223 3797 po-

69 3827 138 3885 tum
160 3819 359 3885 exhausisse.
403 3815 530 3882 Laudat
557 3820 666 3880 autem
694 3814 803 3879 uinum
827 3812 966 3897 Cyclops
995 3812 1082 3896 apud
1104 3813 1222 3879 Home·

69 3942 139 3987 rum
160 3941 191 3986 u.
209 3923 285 3985 359:

167 4013 253 4086 ἀλλὰ
275 4010 349 4085 ro'd'
374 4009 558 4103 ἀμβροσίης
578 4018 635 4083 καὶ
657 4014 814 4101 νέκταρός
837 4012 927 4082 ἐστιν
950 4005 1127 4097 ἆπορῤώξ,

121 4125 420 4182 primumprirnum
986 4114 1015 4166 11
1151 4129 1153 4134 ·
