2998 4674
285 231 346 289 258
645 232 776 301 Georgius
794 233 929 288 Ricardus
947 231 1064 287 Hollsnd
1128 205 1131 214 ¹

283 413 416 491 paratae
432 427 473 473 ex
489 407 711 473 obseruatione
727 413 859 473 naturae
875 413 947 472 sunt
961 407 1082 489 petitae
1101 426 1164 472 uno
1183 413 1326 492 excepto
1347 407 1423 470 uitro

283 511 400 592 1791,
422 516 457 574 11
471 529 513 574 ex
527 510 708 590 plantarum
725 511 938 593 arborumque
961 506 1149 575 condicione
1171 511 1343 593 ligustrum
1359 509 1425 590 789,

283 607 464 695 61111799,
486 613 605 695 palma,
628 612 776 694 platanus
794 614 865 695 794,
889 613 1111 696 6161611799,
1135 612 1229 694 salix,
1250 611 1339 676 uites
1360 612 1424 690 899,

282 714 392 779 tribuli
415 715 494 796 803;
524 733 543 778 6
563 711 677 779 florum
699 714 889 796 frugumque
910 713 1025 779 notitia
1046 719 1139 796 prata
1162 715 1241 796 799,
1270 732 1339 778 116
1361 713 1425 794 795,

283 815 494 898 1161111797,
523 835 565 880 ex
586 820 812 898 tempestatum
835 816 990 881 uarietate
1019 815 1105 881 16161
1132 814 1274 899 hiberni,
1308 815 1426 880 aestiua

283 921 396 985 umbra
412 921 483 1003 793,
506 919 590 1026 ignis
606 919 678 1000 892,
702 919 789 982 16111
805 918 1006 1000 uolucrisque
1028 937 1107 983 aura
1130 919 1206 1002 8073
1230 937 1271 982 ex
1290 918 1425 983 amnium

283 1023 444 1103 marisque
467 1019 696 1102 consuetudine
714 999 861 1086 'conchae
884 1023 962 1104 792,
985 1021 1106 1103 glacies
1129 1023 1207 1104 795,
1229 1021 1340 1086 undae
1362 1022 1426 1100 799,

284 1124 408 1207 scopuli
424 1124 496 1205 891,
518 1122 622 1187 amnis
638 1123 710 1205 801,
727 1141 869 1204 aequora
884 1123 963 1206 8043
986 1142 1004 1188 e
1019 1141 1153 1205 gregum
1168 1123 1294 1188 cultura
1309 1121 1425 1187 haedus

287 1227 358 1308 791,
381 1226 432 1290 166
447 1229 591 1288 coactum
608 1224 680 1306 796,
702 1224 829 1289 1116161
852 1225 931 1307 798,
953 1243 995 1289 ex
1017 1225 1196 1291 uenationis
1217 1225 1340 1308 peritia
1360 1243 1427 1288 ursa

285 1330 357 1410 893,
381 1325 590 1410 1111111894,
614 1345 726 1391 ceruus
743 1327 822 1409 896;
845 1325 921 1407 quin
944 1327 1040 1391 etiam
1060 1319 1238 1392 ‘laudatum
1256 1315 1424 1410 pauonem¹

284 1450 314 1494 u.
331 1430 393 1492 892
416 1435 448 1494 61
463 1447 597 1510 cycnum
611 1448 642 1492 u.
656 1431 727 1513 796,
751 1428 793 1493 de
809 1428 924 1510 quihus
938 1428 1035 1493 fando
1051 1434 1173 1494 tantum
1195 1429 1328 1494 uidetur
1344 1428 1426 1494 audi·

283 1534 380 1616 uisse,
403 1531 581 1598 ornamenti
602 1531 674 1595 loco
697 1531 879 1614 interponit.
918 1529 980 1608 Qui
1003 1549 1072 1598 mos
1094 1537 1220 1596 6116166
1242 1551 1425 1614 comparan—
1476 1555 1477 1562 ¹

283 1635 346 1701 dae
368 1635 422 1700 uel
443 1634 565 1699 formae
593 1633 728 1698 aliarum
757 1651 862 1698 rerum
892 1632 1101 1699 similitudine
1129 1633 1342 1699 illustrandae
1370 1653 1426 1697 non

283 1737 484 1820 dubitemus,
508 1737 585 1818 quin
607 1755 649 1800 ex
670 1735 818 1819 populari
841 1754 899 1800 usu
920 1736 1101 1802 natiuorum
1122 1734 1305 1821 hominum,
1328 1743 1425 1820 pasto-

283 1851 365 1921 rum,
386 1843 582 1920 uenatorum,
606 1855 780 1902 messorum
802 1837 958 1919 originem
980 1845 1106 1921 repetat
1126 1836 1211 1904 hane
1232 1839 1266 1902 in
1290 1837 1425 1904 fabulam

283 1940 418 2007 fortasse
445 1960 466 2004 a
493 1937 724 2022 mimographis
753 1936 870 2004 Siculis
898 1938 1120 2006 11116111-
1146 1941 1198 2005 Ab
1226 1939 1424 2006 adlocutione

283 2041 515 2126 transgreditur
535 2038 755 2123 Polyphemus
777 2041 820 2106 ad
842 2040 972 2106 diuitias
994 2062 1068 2108 1161
1090 2043 1219 2125 puellae
1241 2042 1423 2126 praedican-

283 2144 343 2211 das
364 2144 503 2227 primurn
526 2143 727 2210 commodam
749 2150 928 2210 monstrans
950 2143 1180 2211 habitationem
1203 2146 1237 2209 in
1259 2153 1423 2212 61116116

283 2267 336 2313 uu.
353 2248 538 2329 819-829,
569 2266 648 2329 quos
670 2265 781 2312 uersus
804 2247 997 2312 uerbositete
1019 2246 1180 2314 rhetorica
1208 2247 1336 2314 effictos
1362 2263 1421 2310 csse

283 2349 376 2415 uides
399 2369 441 2414 ex
463 2350 604 2432 quinque
619 2347 784 2413 Theocriti
806 2349 951 2415 uersibus
973 2348 1031 2432 XI,
1043 2351 1179 2433 44-48,
1203 2351 1263 2416 etsi
1287 2347 1422 2416 aemulus

284 2451 446 2517 Romanus
466 2451 562 2534 longe
584 2451 717 2516 recessit
731 2451 772 2516 ab
789 2452 968 2535 exemplari
982 2451 1117 2534 Graeco,
1140 2471 1238 2534 aquo
1260 2451 1345 2516 nihil
1366 2450 1423 2514 1616
1477 2460 1478 2463 ’

284 2553 347 2618 1111
369 2554 478 2619 uinum
500 2557 660 2618 mutuatus
683 2558 745 2636 est,
776 2550 829 2619 hic
850 2573 978 2636 quoque
1000 2553 1139 2619 bucolici
1165 2561 1282 2637 poetae
1311 2551 1423 2621 subtili-

284 2659 393 2737 tatcm,
416 2656 471 2736 qui
487 2661 650 2738 pastorem
665 2654 741 2719 lecit
754 2655 859 2721 minus
874 2656 982 2738 fruges
1000 2675 1115 2737 resque
1138 2655 1281 2722 edendas
1306 2661 1424 2722 amatae

284 2757 522 2840 promittentem
537 2777 633 2839 quarn
648 2758 793 2822 umbram
808 2777 923 2840 resque
940 2758 1133 2844 sentiendas,
1156 2766 1283 2826 uertens
1300 2761 1334 2824 in
1348 2755 1424 2823 utili-

284 2868 393 2927 tatem.
423 2860 534 2943 Pergit
548 2857 681 2925 laudare
694 2858 833 2944 Cyclops
847 2861 1084 2944 possessionem
1099 2881 1190 2927 suam
1206 2860 1320 2928 decem
1334 2859 1424 2926 uersi·

284 2965 343 3030 bus
366 2965 535 3027 821-839
558 2963 742 3046 compositis
765 2982 807 3027 ex
828 2961 1038 3029 similitudine
1061 2969 1210 3046 quattuor
1224 2962 1423 3030 Theocritec-

284 3085 353 3132 mm
374 3065 432 3150 XI,
446 3067 581 3130 34-37.
615 3063 751 3148 Singula
768 3063 914 3132 inuenies
929 3072 1133 3149 exaggerata.
1166 3065 1257 3132 Mille
1271 3063 1422 3149 pecudum

284 3168 500 3253 amplificatae
515 3168 548 3232 in
563 3188 730 3233 numerum
744 3169 943 3252 immensum,
958 3168 1035 3233 item
1051 3188 1171 3251 pascua
1186 3166 1323 3233 dilatata
1336 3173 1422 3248 atque

285 3275 427 3353 extensa,
444 3270 746 3357 singulaepecudes
762 3270 933 3336 discretae:
957 3271 1154 3336 6111161616
1170 3276 1329 3352 6661616,
1345 3263 1421 3351 quod

285 3373 425 3438 ostendit
440 3391 518 3457 opes
534 3393 608 3439 suas
623 3380 732 3456 pastor
754 3373 846 3440 diues
868 3373 1055 3455 prenomine
1077 3372 1329 3439 demonstratiuo
1348 3355 1419 3433 ‘hic'

285 3493 336 3538 nu.
354 3475 425 3537 821.
443 3477 504 3538 824
524 3480 556 3540 61
570 3495 600 3540 u.
614 3477 675 3539 825
698 3476 805 3541 uerbis
826 3474 894 3542 his:
914 3467 1079 3559 ‘praesens
1097 3481 1189 3558 potes
1204 3476 1277 3558 ipsa
1291 3459 1420 3540 uiderc’.

284 3574 384 3641 Porro
409 3595 491 3657 quac
517 3576 619 3642 tribus
650 3576 858 3643 hemistichiis
880 3575 1070 3645 Theocritus
1099 3577 1267 3644 denotarat
1293 3577 1421 3642 ferarum

285 3673 416 3743 horrida
443 3679 632 3742 munuscula
653 3677 711 3760 XI,
727 3681 768 3741 49
779 3699 846 3762 sq.,
874 3678 1018 3763 longiore
1047 3686 1170 3764 septem
1197 3699 1346 3746 uersuum
1373 3675 1419 3740 dc-

204 3858 209 3861 ,
284 3781 457 3866 scriptione
480 3781 672 3846 ornamentis
694 3778 814 3846 additis
836 3778 955 3862 lepidis
978 3782 1125 3866 depingit
1146 3780 1281 3849 Ouidius
1303 3801 1353 3848 un.
1366 3777 1417 3843 831

284 3885 399 3948 -837.
433 3881 538 3948 Minus
560 3881 643 3948 bene
666 3882 697 3948 ei
719 3881 816 3949 cessit
836 3881 1049 3952 deformitatis
1065 3883 1248 3970 Cyclopeae
1272 3879 1417 3950 enarratio

285 3988 537 4068 11849-853,
566 4006 662 4069 quam
691 3987 921 4053 contamiuauit
949 4007 990 4052 ex
1013 3986 1149 4054 Theocr.
1169 3987 1213 4053 id.
1229 3988 1287 4072 XI,
1305 3982 1417 4052 31-33
