2998 4674
279 238 341 296 242
639 238 772 306 Georgius
788 237 923 292 Ricardus
941 237 1057 292 Holland

276 414 344 478 tuni
358 411 425 477 tilio
441 431 561 494 omncs,
584 431 656 477 cum
671 410 862 478 Theocritus
876 417 911 476 ut
925 412 1124 476 notissimam
1141 409 1252 475 laudet
1270 411 1418 476 fabellam

277 535 328 580 uu.
342 520 429 598 laq:
474 503 560 577 odero
581 515 659 598 γοῦν
683 512 804 599 ῥάῖστα
826 505 916 599 dody'
942 508 961 578 ὁ
985 510 1134 596 Κύκλωψ
1155 505 1173 575 ὃ
1197 502 1282 597 παρ’
1308 505 1387 594 ἆμῑν
1448 581 1452 594 ,

479 609 621 700 ὥρχαῖας
642 614 866 702 Παλύφαμος,
888 606 940 680 h'a'
959 608 1061 700 ἤρατο
1083 615 1145 688 τᾶς
1168 613 1371 694 Γαλατείας,

275 740 328 784 uu.
341 721 381 782 80
389 739 451 801 sq:
479 708 566 782 olleo
587 741 641 782 τοι
663 716 872 805 Παλύφαμας
894 714 1089 800 ἐποίμαινεν
1111 713 1169 780 τὸν
1192 713 1302 800 ἔρωτα

477 818 678 902 μουσίσδων,
702 819 783 907 ῥᾷον
805 818 842 884 δὲ
864 811 952 905 dody'
977 806 998 904 ἢ
1022 818 1052 883 εἰ
1069 815 1193 904 χρυσὸν
1217 815 1350 883 ἐ’ὄωκεν.

276 930 309 989 et
323 923 435 989 redeat
455 920 642 988 inueniendi
665 928 697 988 ct
718 922 870 989 medendi
891 924 980 988 notio
1002 921 1217 988 aPhilcxeno
1240 927 1275 986 ut
1297 921 1422 987 uidetur
1490 969 1491 972 ,

276 1026 407 1091 inducta
434 1025 521 1110 apud
550 1026 704 1109 plurimos
733 1031 917 1110 poetarum,
946 1026 1001 1108 qui
1026 1031 1141 1108 postea
1162 1025 1195 1088 in
1218 1023 1304 1089 hanc
1332 1023 1422 1089 hare·
1490 1059 1491 1066 κ

275 1149 349 1192 nam
379 1116 613 1192 descenderunt
641 1128 680 1192 cf.
702 1129 794 1212 impr.
817 1127 1050 1194 Callimachum
1079 1126 1244 1191 laudatum
1273 1147 1295 1190 a
1322 1125 1422 1192 schol.

275 1228 410 1295 Theocr.
427 1229 485 1311 XI,
500 1232 513 1291 l
532 1231 587 1304 (=
602 1230 701 1314 epigr.
718 1234 769 1315 47,
785 1233 811 1294 1.
824 1231 866 1306 4).
903 1231 1135 1316 Repraesentat
1147 1229 1313 1295 bucolicus
1328 1233 1424 1313 poeta

275 1329 509 1414 Polyphemum
530 1330 637 1398 fistula
659 1338 825 1398 canentem
847 1331 961 1398 eadem
990 1332 1178 1399 condicione
1185 1380 1193 1413 ,
1223 1350 1322 1413 quam
1345 1331 1423 1395 Her-

274 1435 459 1500 mesianacti
482 1435 685 1501 obuersatam
707 1455 779 1501 esse
800 1435 1008 1519 coniecimus,
1035 1437 1068 1499 in
1091 1434 1223 1517 scopulo
1245 1431 1424 1515 sedentem,

275 1537 309 1601 in
323 1557 412 1602 mare
425 1538 685 1621 prospicientem,
701 1537 777 1602 dum
792 1559 813 1603 a
826 1544 917 1621 tergo
931 1539 1073 1622 pascitur
1087 1556 1166 1620 grex
1176 1536 1222 1601 cf.
1235 1535 1294 1616 XI,
1305 1538 1345 1599 13
1355 1555 1423 1618 sqq.
1490 1562 1491 1600 ;

140 1691 143 1700 .
275 1639 330 1722 VI,
348 1641 422 1721 8sq.
467 1638 533 1704 Sed
555 1660 618 1704 non
640 1641 744 1706 solum
772 1639 909 1706 interdiu
937 1641 1139 1724 φακιαέσαας
1161 1634 1197 1712 ἐξ
1218 1627 1298 1712 dode
1327 1639 1423 1703 musi·

277 1761 347 1806 cam
369 1747 513 1824 exercet,
536 1761 648 1807 uerum
670 1743 769 1807 etiam
791 1751 863 1808 eam
885 1741 999 1808 didicit
1020 1746 1198 1808 amatorum
1220 1739 1424 1805 consuetudi·
1490 1767 1491 1806 ;

275 1862 359 1924 nem,
382 1848 417 1906 ut
437 1849 591 1907 nocturno
613 1848 709 1909 cantu
731 1844 872 1910 celebret
893 1845 1034 1928 puellam
1058 1843 1096 1910 cf.
1112 1843 1171 1925 XI,
1189 1844 1228 1906 38
1240 1861 1312 1924 sqq.

359 1944 436 2028 Ipsa
458 1944 618 2010 cantilena
640 1946 807 2028 exemplar
829 1950 878 2011 est
899 1947 1165 2029 pretiosissimum
1183 1943 1424 2009 Alexandrinae
1490 1991 1491 2000 α

275 2047 353 2112 artis
375 2046 503 2129 singula
525 2046 679 2112 caelantis
702 2052 734 2112 et
756 2047 993 2132 compositionis
1016 2047 1203 2131 symmetria
1222 2045 1423 2128 disponentis
1490 2077 1491 2116 3

278 2155 311 2216 et
332 2148 530 2215 illustrantis.
566 2150 604 2214 In
619 2147 792 2215 artificiosa
806 2150 954 2216 carminis
970 2149 1193 2216 distributione
1217 2149 1422 2234 explananda
1490 2215 1491 2218 ,

277 2253 370 2317 multi
387 2252 594 2317 elaborauere
609 2252 670 2317 uiri
685 2251 771 2318 docti
786 2253 989 2318 strationem
1011 2251 1207 2336 strophicam
1230 2257 1418 2335 spectantes

277 2353 433 2437 imprimis
448 2352 658 2438 Hermannus,
681 2353 817 2439 Ahrens,
841 2355 1038 2438 Gebauerus,
1061 2360 1094 2419 et
1107 2353 1150 2420 ad
1165 2355 1370 2421 minutiorem
1387 2354 1422 2418 in
1490 2381 1491 2420 1

277 2455 413 2536 singulis
437 2455 582 2521 uersibus
610 2457 850 2539 responsionem
878 2458 1019 2522 animum
1044 2455 1262 2538 attendentes,
1290 2463 1327 2522 ut
1348 2457 1423 2522 Rib-

275 2555 411 2621 beckius
428 2557 461 2619 in
480 2556 561 2620 stud.
574 2555 711 2623 Theocr.
727 2579 806 2624 mus.
822 2559 923 2624 Rhen.
939 2559 1033 2623 XVII
1054 2579 1085 2641 p.
1103 2561 1164 2621 564
1172 2577 1258 2640 sqq:
1280 2566 1424 2625 nostrum
1490 2591 1491 2626 f

276 2663 325 2722 est
339 2658 488 2724 carminis
504 2659 615 2723 erotici
630 2659 789 2725 elementa
806 2659 961 2744 indagare
983 2666 1016 2726 et
1038 2661 1145 2744 capita
1166 2658 1260 2726 huius
1283 2659 1369 2726 odae
1390 2663 1425 2724 in
1490 2699 1491 2724 r

278 2759 412 2825 clariore
435 2759 507 2825 luce
528 2780 657 2845 ponere.
1490 2771 1491 2828 3

360 2862 478 2946 Incipit
491 2862 721 2948 Polyphemus,
742 2869 779 2928 ut
792 2863 880 2947 apud
895 2861 1119 2949 Philoxenum,
1140 2885 1162 2930 a
1181 2862 1425 2949 pulchritudine
1490 2893 1491 2936 l

276 2965 432 3031 Galateae
454 2965 617 3031 laudanda
638 2966 692 3032 uel
712 2966 820 3050 potius
843 2967 1059 3050 comparanda
1079 2988 1143 3032 non
1166 2968 1235 3032 eius
1250 2968 1424 3034 uerborum
1490 2961 1491 2976 ¹

277 3069 390 3152 copiae
414 3088 560 3153 compos,
582 3075 618 3135 ut
638 3070 774 3135 formam
796 3075 921 3134 amatae
943 3069 1040 3135 laude
1062 3068 1254 3152 significanti
1277 3069 1423 3134 extollat.

274 3169 344 3236 Nec
358 3171 454 3236 sentit
468 3168 557 3235 aliud
573 3190 669 3253 quam
684 3170 856 3238 candorem
870 3177 1077 3254 teneramque
1091 3171 1260 3237 mollitiem
1281 3172 1423 3254 puellae,

277 3273 366 3338 cuius
388 3292 506 3338 nomen
527 3293 548 3338 a
569 3274 652 3341 lacte
675 3272 818 3358 deriuat,
841 3275 993 3356 quoniam
1014 3274 1071 3339 illa
1094 3273 1143 3339 his
1165 3273 1303 3338 maxime
1326 3275 1422 3339 rebus

275 3373 406 3439 afusco
428 3392 606 3457 asperoque
629 3377 835 3442 adulescente
856 3376 973 3442 differt.
1010 3375 1081 3453 Qua
1103 3377 1271 3442 occasione
1286 3375 1422 3442 Veneris

275 3475 390 3541 uulnus
405 3478 575 3560 acceperit,
598 3479 680 3544 tristi
696 3480 786 3544 uultu
806 3480 913 3544 animo
936 3480 1053 3562 repetit
1074 3476 1231 3542 nihildum
1255 3477 1288 3541 in
1310 3476 1422 3542 fauore

275 3574 431 3642 Galateae
452 3582 631 3660 prouectus.
676 3578 831 3646 Concedit
853 3581 974 3663 speciei
1000 3579 1252 3662 deformitatem,
1282 3578 1342 3644 sed
1367 3600 1421 3664 op-

275 3679 367 3763 ponit
389 3677 531 3760 diuitias,
554 3684 655 3744 artem
676 3682 841 3765 musicen,
866 3701 1007 3746 munera.
1052 3682 1288 3747 Amoenitatem
1310 3700 1420 3764 recep·

275 3781 371 3847 meruli
394 3781 444 3846 sui
466 3780 705 3862 communisque
734 3781 820 3847 uitae
845 3781 1049 3849 dulcedinem
1071 3784 1248 3868 depingens
1277 3782 1321 3848 ad
1350 3803 1420 3848 eam

275 3882 374 3949 fertm
395 3881 595 3966 cupidinem,
623 3888 658 3948 ut
681 3881 809 3966 quiduis
834 3884 876 3949 ab
905 3892 1013 3951 amata
1041 3887 1109 3970 pati
1136 3886 1300 3952 sustineat.
1344 3886 1418 3970 Ipse

274 3987 489 4068 periculosum
504 3985 547 4052 ad
563 4005 633 4052 eam
649 3987 710 4052 iter
724 3987 887 4071 suscipere
906 3993 939 4054 et
953 4007 1057 4070 aquae
1078 4008 1233 4072 pauorem
1254 3986 1417 4053 debellare
