3028 4672
258 257 320 315 154
622 254 755 322 Georgius
773 253 910 309 Ricardus
928 253 1047 309 Holland

256 427 414 497 rebusad
437 427 537 512 uitam
559 426 750 492 necessariis
772 424 954 510 indigeant,
984 445 1067 508 quac
1090 431 1221 510 propter
1250 430 1414 495 membro-

255 553 326 598 rum
340 530 458 597 molem
473 527 683 594 msticitatem
699 526 861 609 quandam
882 547 961 611 prae
984 546 1020 592 se
1041 526 1154 592 ferant.
1190 525 1252 605 Qui
1276 528 1414 612 quidem

255 652 359 700 mores
381 634 525 714 agrestes
548 648 620 694 cnm
643 629 785 693 maxime
806 633 985 712 appareant
1011 628 1045 692 in
1074 628 1193 696 uilibus
1223 631 1412 698 cotidianis·

256 755 318 818 que
346 735 433 799 uitae
461 729 600 813 negotiis
628 727 904 812 administrandis,
934 727 1017 795 haec
1037 730 1244 814 potissimum
1268 753 1288 798 a
1310 739 1413 817 poeta

256 838 426 920 eliguntur,
449 832 614 915 inquibus
637 837 669 896 et
690 849 839 916 spurcum
854 836 1021 914 aspectum
1043 831 1280 915 inurbanosque
1302 855 1413 902 mores

255 944 289 1005 et
303 934 459 1004 stomachi
473 933 672 1016 inexpletam
685 930 874 998 auiditatem
888 934 1073 1016 uentrisque
1095 933 1265 999 libidinem
1287 955 1413 1020 eorum,

256 1058 389 1128 quornm
412 1035 605 1101 immanibus
632 1034 782 1118 operibus
811 1039 844 1100 et
870 1035 1067 1100 facinoribus
1088 1035 1278 1118 plerumque
1301 1042 1412 1122 stupe·

254 1141 324 1208 fieri
347 1140 451 1206 solent
472 1137 633 1219 mortales,
657 1135 889 1202 cotidianorum
911 1135 1175 1203 homunculorum
1195 1143 1329 1204 naturae
1351 1160 1412 1223 ap-

254 1239 501 1327 propinquando
525 1238 664 1303 uellicet.
706 1237 796 1303 Talis
819 1244 868 1305 est
889 1238 1062 1322 Hercules,
1085 1239 1159 1305 talis
1181 1238 1303 1305 Pholus
1327 1238 1411 1305 (len-

255 1351 374 1425 taurus,
389 1343 464 1407 talis
475 1340 608 1422 Busiris,
624 1339 698 1404 talis
711 1337 941 1422 Polyphemus.
971 1341 1086 1422 Neque
1101 1340 1199 1424 igitur
1214 1339 1410 1424 dubitamus,

256 1446 333 1528 quin
360 1443 572 1528 Epicharmus
600 1441 635 1506 in
663 1439 806 1524 (iyolope
835 1440 1029 1506 delineanda
1057 1442 1199 1508 maxime
1228 1444 1411 1526 respexerit

256 1547 325 1613 eins
340 1536 532 1630 ἀδηφαγίαν
548 1547 580 1609 et
595 1541 819 1627 φιλοπονίαν;
842 1541 1014 1608 discrimen
1032 1549 1140 1608 autem
1163 1542 1204 1608 ab
1226 1543 1301 1610 aliis
1324 1545 1410 1610 eius·

188 1677 194 1688 ·
255 1649 330 1714 dem
351 1647 532 1729 argumenti
553 1642 729 1712 comoediis
751 1644 785 1709 in
807 1663 846 1710 eo
868 1643 1009 1727 positum
1029 1644 1128 1710 fuisse
1159 1644 1343 1728 opinamur,
1374 1651 1411 1710 ut

254 1752 389 1816 fortasse
412 1747 552 1831 Cyclops
574 1743 805 1812 iucunditatem
826 1744 987 1810 humanae
1010 1744 1114 1811 carnis
1138 1752 1248 1812 contra
1270 1747 1410 1813 aliarum
1511 1740 1512 1761 ¹

254 1851 450 1917 lautitiarum
483 1846 598 1912 laudes
631 1843 828 1912 defenderet.
882 1845 1039 1930 Adprime
1072 1852 1180 1914 autem
1212 1847 1409 1933 Polyphemi

255 1949 434 2017 uinulentia
454 1947 594 2013 faciebat
615 1946 659 2012 ad
680 1947 782 2013 Siculi
803 1952 920 2031 poetae
946 1949 1131 2032 consilinm,
1161 1950 1280 2034 quippe
1311 1968 1408 2032 quem

255 2051 371 2119 Athen.
391 2050 439 2133 X,
455 2050 546 2113 429a
574 2046 711 2131 primum
734 2047 858 2114 ebrium
880 2048 1043 2115 hominem
1071 2051 1105 2115 in
1135 2069 1284 2116 scaenam
1310 2053 1409 2118 comi-

255 2175 325 2220 cam
348 2149 540 2238 produxisse
562 2154 705 2216 testetur.
742 2151 816 2216 Non
838 2150 1078 2234 refragabimur,
1102 2152 1130 2217 si
1153 2153 1225 2234 quis
1246 2154 1410 2237 putauerit

254 2257 288 2321 in
311 2255 374 2321 hoc
395 2253 540 2319 dramate
563 2251 667 2317 solum
689 2250 750 2318 boc
773 2251 935 2318 studuisse
957 2251 1195 2336 Epicharmum,
1218 2259 1254 2318 ut
1274 2255 1409 2337 profusa

254 2355 416 2421 hilaritate
439 2374 479 2420 ac
499 2353 678 2437 petulantia
700 2359 896 2438 spectatores
919 2354 1104 2420 oblectaret.
1141 2353 1207 2420 Sed
1230 2376 1303 2421 cum
1325 2358 1408 2422 scia-

255 2477 325 2522 mus
340 2476 404 2521 non
419 2456 488 2522 sine
504 2474 602 2521 causa
624 2474 697 2520 eum
719 2447 917 2541 ὀψοφαγίαν
940 2453 1120 2538 denotasse,
1143 2463 1179 2522 ut
1201 2458 1289 2524 ciues
1312 2459 1408 2524 casti-

255 2563 346 2642 garet
360 2557 509 2621 luxuriae
523 2557 656 2622 nimium
672 2556 800 2623 deditos
822 2557 873 2634 (of.
889 2556 1021 2622 Lorenn.
1037 2557 1059 2622 1.
1071 2559 1092 2622 l.
1108 2579 1140 2642 p.
1154 2561 1194 2622 92
1202 2561 1295 2642 sqq),
1318 2558 1409 2625 haud

254 2657 380 2738 inficeto
397 2657 618 2723 existimamus
633 2657 737 2724 conici
751 2676 848 2742 posse
863 2655 1093 2741 Epicharmum
1110 2677 1149 2724 eo
1165 2661 1301 2726 consilio
1317 2681 1407 2726 mon·

254 2766 354 2826 strum
376 2758 535 2824 humanae
559 2758 663 2824 carnis
685 2758 773 2824 uictu
796 2758 960 2824 exsultans
990 2759 1173 2844 induxisse,
1203 2767 1238 2826 ut
1267 2781 1410 2846 exagge-

253 2861 355 2928 rando
377 2859 574 2927 lautitiarum
596 2858 702 2925 studio
725 2860 759 2923 in
782 2879 821 2924 ea
841 2877 894 2942 re,
918 2877 1014 2941 quam
1037 2862 1286 2944 uniuscuiusque
1309 2883 1409 2949 sapor

252 2962 463 3031 reformidare
479 2961 628 3044 debebat,
651 2981 757 3028 mores
771 2961 955 3043 aequalium
971 2962 1127 3029 irrideret.
1160 2964 1276 3045 Neque
1298 2969 1408 3031 tamen

253 3064 419 3132 abhorruit
446 3062 659 3148 Epicharmus
687 3082 707 3127 a
737 3063 881 3128 dulciore
911 3062 1051 3145 quadam
1082 3070 1114 3130 et
1141 3064 1289 3131 molliore
1318 3066 1408 3133 uitae

252 3167 392 3232 rusticae
414 3165 646 3232 consuetudine
667 3164 784 3230 fabulis
810 3164 877 3231 suis
906 3164 1097 3248 intexendo,
1126 3167 1154 3232 si
1183 3166 1262 3248 quid
1290 3168 1409 3251 probat

252 3265 413 3333 Athenaei
434 3267 656 3334 testimonium·
671 3266 749 3332 XIV
771 3287 802 3350 p.
816 3266 985 3331 elea—b:
1015 3249 1055 3350 ἦν
1078 3263 1113 3330 δὲ
1135 3267 1191 3332 καὶ
1213 3278 1286 3344 τοῖς
1307 3261 1409 3353 ἡγου-

252 3369 365 3448 μένοις
393 3369 460 3431 auio
488 3365 709 3454 βοσκημάτων
738 3360 754 3431 ὃ
785 3363 1029 3449 βουκολιασμὸς
1057 3365 1269 3451 καλούμενος.
1320 3373 1408 3434 Ato-

251 3489 315 3548 μος
344 3464 379 3531 δὲ
400 3451 440 3551 ἦν
462 3462 480 3531 ὁ
503 3467 663 3551 βουκόλος
684 3466 884 3554 Σικελιώτης
911 3462 929 3558 ὁ
954 3469 1088 3552 πρῶτος
1118 3463 1222 3556 εὑρών
1243 3467 1281 3535 τὸ
1306 3466 1407 3549 εἶδος.

252 3565 450 3654 μνημονεύει
473 3561 505 3630 δ’
525 3561 627 3634 αὐτοῦ
645 3563 851 3654 Ἐπίχαρμος
878 3565 912 3634 ἒν
933 3563 1085 3636 Ἁλκυόνι
1113 3572 1169 3636 καὶ
1199 3569 1233 3636 ἐν
1252 3562 1411 3638 Ὀδυσσεῖ

252 3670 395 3752 ναυαγῷ.
445 3670 631 3755 Nescimus,
667 3672 753 3755 quod
783 3677 1003 3755 argumentum
1032 3675 1218 3740 tractauerit
1245 3681 1344 3758 poeta
1373 3678 1408 3742 in

252 3771 371 3852 fabula,
396 3790 491 3852 quam
510 3772 671 3855 inscripsit
689 3765 866 3848 Ὀδυσσεὺς
882 3771 1040 3858 ναυαγός;
1063 3795 1258 3858 quamquam
1280 3778 1407 3843 coniec-

252 3880 324 3939 tura
346 3877 395 3939 est
415 3873 582 3956 proposita
603 3872 794 3956 aGrysario
812 3875 833 3938 l.
845 3876 866 3939 l.
889 3894 921 3957 p.
935 3877 1085 3960 290sqq,
1109 3877 1165 3959 qui
1187 3879 1276 3943 nisus
1294 3877 1407 3960 aliquo

251 3975 431 4056 fragmento
450 3994 471 4040 a
486 3973 581 4056 Diog.
594 3974 699 4039 Laert.
711 3975 769 4057 III,
785 3977 886 4059 12,16
910 3982 1037 4043 seruato
1051 3978 1101 4053 (fr.
1115 3980 1155 4040 96
1169 3979 1230 4059 A.),
1254 3998 1317 4061 quo
1332 3981 1409 4062 quis
