<?xml version="1.0" encoding="UTF-8"?>
<!DOCTYPE html PUBLIC "-//W3C//DTD XHTML 1.0 Transitional//EN"
    "http://www.w3.org/TR/xhtml1/DTD/xhtml1-transitional.dtd">
<html xmlns="http://www.w3.org/1999/xhtml" xml:lang="en" lang="en">
 <head>
  <title>
</title>
<meta http-equiv="Content-Type" content="text/html;charset=utf-8" />
  <meta name='ocr-system' content='tesseract 3.04.00' />
  <meta name='ocr-capabilities' content='ocr_page ocr_carea ocr_par ocr_line ocrx_word'/>
</head>
<body>
  <div class='ocr_page' id='page_1' title='image "./depolyphemoetga00hollgoog_0082.png"; bbox 0 0 3028 4672; ppageno 0'>
   <div class='ocr_carea' id='block_1_1' title="bbox 445 281 1230 352">
    <p class='ocr_par' dir='ltr' id='par_1_1' title="bbox 445 281 1230 352">
     <span class='ocr_line' id='line_1_1' title="bbox 445 281 1230 352; baseline 0.015 -16"><span class='ocrx_word' id='word_1_1' title='bbox 445 281 487 338; x_wconf 89' lang='lat' dir='ltr'>De</span> <span class='ocrx_word' id='word_1_2' title='bbox 504 282 670 352; x_wconf 81' lang='lat' dir='ltr'>Polyphemo</span> <span class='ocrx_word' id='word_1_3' title='bbox 689 287 717 338; x_wconf 90' lang='lat' dir='ltr'>et</span> <span class='ocrx_word' id='word_1_4' title='bbox 734 284 856 342; x_wconf 79' lang='lat' dir='ltr'>Galatea.</span> <span class='ocrx_word' id='word_1_5' title='bbox 1168 287 1230 348; x_wconf 85' lang='lat'>209</span> 
     </span>
    </p>
   </div>
   <div class='ocr_carea' id='block_1_2' title="bbox 67 447 1229 3383">
    <p class='ocr_par' dir='ltr' id='par_1_2' title="bbox 67 447 1229 3383">
     <span class='ocr_line' id='line_1_2' title="bbox 79 447 1228 544; baseline 0.003 -20"><span class='ocrx_word' id='word_1_6' title='bbox 79 458 187 524; x_wconf 87' lang='lat' dir='ltr'>Verba</span> <span class='ocrx_word' id='word_1_7' title='bbox 209 458 295 523; x_wconf 94' lang='lat' dir='ltr'>enim</span> <span class='ocrx_word' id='word_1_8' title='bbox 316 455 489 536; x_wconf 73' lang='grc' dir='ltr'><strong><em>τιναχθεὶς</em></strong></span> <span class='ocrx_word' id='word_1_9' title='bbox 508 447 616 544; x_wconf 59' lang='lat' dir='ltr'>tiphys]</span> <span class='ocrx_word' id='word_1_10' title='bbox 637 459 807 540; x_wconf 74' lang='lat' dir='ltr'>referenda</span> <span class='ocrx_word' id='word_1_11' title='bbox 829 459 974 526; x_wconf 79' lang='lat' dir='ltr'><strong>ducimus</strong></span> <span class='ocrx_word' id='word_1_12' title='bbox 997 457 1039 525; x_wconf 85' lang='lat' dir='ltr'>ad</span> <span class='ocrx_word' id='word_1_13' title='bbox 1061 463 1228 528; x_wconf 79' lang='lat' dir='ltr'>scaenicae</span> 
     </span>
     <span class='ocr_line' id='line_1_3' title="bbox 78 560 1228 646; baseline 0.004 -22"><span class='ocrx_word' id='word_1_14' title='bbox 78 560 214 626; x_wconf 89' lang='lat' dir='ltr'>actionis</span> <span class='ocrx_word' id='word_1_15' title='bbox 229 560 394 642; x_wconf 90' lang='lat' dir='ltr'>ululatum,</span> <span class='ocrx_word' id='word_1_16' title='bbox 418 578 481 640; x_wconf 95' lang='lat' dir='ltr'>quo</span> <span class='ocrx_word' id='word_1_17' title='bbox 503 578 619 644; x_wconf 81' lang='lat' dir='ltr'>greges</span> <span class='ocrx_word' id='word_1_18' title='bbox 640 560 730 627; x_wconf 93' lang='lat' dir='ltr'>fictos</span> <span class='ocrx_word' id='word_1_19' title='bbox 753 562 880 646; x_wconf 87' lang='lat' dir='ltr'>pulpita</span> <span class='ocrx_word' id='word_1_20' title='bbox 899 561 1104 645; x_wconf 82' lang='lat' dir='ltr'>personuisse</span> <span class='ocrx_word' id='word_1_21' title='bbox 1126 563 1228 628; x_wconf 91' lang='lat' dir='ltr'>credi·</span> 
     </span>
     <span class='ocr_line' id='line_1_4' title="bbox 77 651 1229 747; baseline 0.003 -21"><span class='ocrx_word' id='word_1_22' title='bbox 77 681 162 744; x_wconf 92' lang='lat' dir='ltr'>mus;</span> <span class='ocrx_word' id='word_1_23' title='bbox 193 666 242 728; x_wconf 91' lang='lat' dir='ltr'>est</span> <span class='ocrx_word' id='word_1_24' title='bbox 265 661 350 726; x_wconf 92' lang='lat' dir='ltr'>enim</span> <span class='ocrx_word' id='word_1_25' title='bbox 373 651 480 746; x_wconf 82' lang='grc' dir='ltr'><strong><em>ὠροχή</em></strong></span> <span class='ocrx_word' id='word_1_26' title='bbox 504 661 677 727; x_wconf 89' lang='lat' dir='ltr'>bestiarum</span> <span class='ocrx_word' id='word_1_27' title='bbox 699 663 830 747; x_wconf 89' lang='lat' dir='ltr'>propria</span> <span class='ocrx_word' id='word_1_28' title='bbox 853 681 931 745; x_wconf 92' lang='lat' dir='ltr'>uox,</span> <span class='ocrx_word' id='word_1_29' title='bbox 958 660 1105 743; x_wconf 90' lang='lat' dir='ltr'>luporum</span> <span class='ocrx_word' id='word_1_30' title='bbox 1127 668 1162 727; x_wconf 90' lang='lat' dir='ltr'>ut</span> <span class='ocrx_word' id='word_1_31' title='bbox 1184 665 1229 730; x_wconf 87' lang='lat' dir='ltr'>ait</span> 
     </span>
     <span class='ocr_line' id='line_1_5' title="bbox 77 760 1228 846; baseline 0.003 -20"><span class='ocrx_word' id='word_1_32' title='bbox 77 763 194 828; x_wconf 86' lang='lat' dir='ltr'>Pollux</span> <span class='ocrx_word' id='word_1_33' title='bbox 210 762 247 845; x_wconf 91' lang='lat' dir='ltr'>V,</span> <span class='ocrx_word' id='word_1_34' title='bbox 262 764 302 827; x_wconf 85' lang='grc'>86</span> <span class='ocrx_word' id='word_1_35' title='bbox 325 762 537 829; x_wconf 90' lang='lat' dir='ltr'>et-minorum</span> <span class='ocrx_word' id='word_1_36' title='bbox 557 763 744 828; x_wconf 89' lang='lat' dir='ltr'>animalium</span> <span class='ocrx_word' id='word_1_37' title='bbox 766 763 906 829; x_wconf 84' lang='lat' dir='ltr'>ferorum</span> <span class='ocrx_word' id='word_1_38' title='bbox 927 762 970 828; x_wconf 92' lang='lat' dir='ltr'>id.</span> <span class='ocrx_word' id='word_1_39' title='bbox 982 762 1021 845; x_wconf 93' lang='lat' dir='ltr'>V,</span> <span class='ocrx_word' id='word_1_40' title='bbox 1035 763 1074 826; x_wconf 87' lang='grc'>88</span> <span class='ocrx_word' id='word_1_41' title='bbox 1090 760 1153 846; x_wconf 79' lang='lat' dir='ltr'>fin,</span> <span class='ocrx_word' id='word_1_42' title='bbox 1177 785 1228 830; x_wconf 92' lang='lat' dir='ltr'>ca·</span> 
     </span>
     <span class='ocr_line' id='line_1_6' title="bbox 76 863 1227 949; baseline 0.003 -21"><span class='ocrx_word' id='word_1_43' title='bbox 76 883 161 948; x_wconf 91' lang='lat' dir='ltr'>num,</span> <span class='ocrx_word' id='word_1_44' title='bbox 185 870 220 929; x_wconf 93' lang='lat' dir='ltr'>ut</span> <span class='ocrx_word' id='word_1_45' title='bbox 241 868 375 930; x_wconf 81' lang='lat' dir='ltr'>testetur</span> <span class='ocrx_word' id='word_1_46' title='bbox 395 863 578 947; x_wconf 82' lang='lat' dir='ltr'>Hesychius</span> <span class='ocrx_word' id='word_1_47' title='bbox 600 883 624 930; x_wconf 89' lang='lat' dir='ltr'>s.</span> <span class='ocrx_word' id='word_1_48' title='bbox 641 884 687 947; x_wconf 78' lang='grc' dir='ltr'>ιι,</span> <span class='ocrx_word' id='word_1_49' title='bbox 712 884 775 949; x_wconf 87' lang='lat' dir='ltr'>qua</span> <span class='ocrx_word' id='word_1_50' title='bbox 797 884 839 931; x_wconf 91' lang='lat' dir='ltr'>ex</span> <span class='ocrx_word' id='word_1_51' title='bbox 861 865 990 930; x_wconf 91' lang='lat' dir='ltr'>notione</span> <span class='ocrx_word' id='word_1_52' title='bbox 1013 865 1046 929; x_wconf 94' lang='lat' dir='ltr'>in</span> <span class='ocrx_word' id='word_1_53' title='bbox 1068 864 1227 931; x_wconf 92' lang='lat' dir='ltr'>illustran-</span> 
     </span>
     <span class='ocr_line' id='line_1_7' title="bbox 77 964 1226 1050; baseline 0.003 -21"><span class='ocrx_word' id='word_1_54' title='bbox 77 965 125 1032; x_wconf 92' lang='lat' dir='ltr'>dis</span> <span class='ocrx_word' id='word_1_55' title='bbox 147 966 214 1031; x_wconf 88' lang='lat' dir='ltr'>illis</span> <span class='ocrx_word' id='word_1_56' title='bbox 237 965 344 1031; x_wconf 88' lang='lat' dir='ltr'>uerbis</span> <span class='ocrx_word' id='word_1_57' title='bbox 366 964 632 1048; x_wconf 86' lang='lat' dir='ltr'>proficiscendum</span> <span class='ocrx_word' id='word_1_58' title='bbox 656 967 725 1050; x_wconf 89' lang='lat' dir='ltr'>erit,</span> <span class='ocrx_word' id='word_1_59' title='bbox 748 973 784 1031; x_wconf 91' lang='lat' dir='ltr'>ut</span> <span class='ocrx_word' id='word_1_60' title='bbox 800 966 925 1032; x_wconf 89' lang='lat' dir='ltr'>dicatur</span> <span class='ocrx_word' id='word_1_61' title='bbox 939 964 1138 1033; x_wconf 90' lang='lat' dir='ltr'>Philoxenus</span> <span class='ocrx_word' id='word_1_62' title='bbox 1161 968 1181 1032; x_wconf 90' lang='lat' dir='ltr'>i.</span> <span class='ocrx_word' id='word_1_63' title='bbox 1198 988 1226 1034; x_wconf 87' lang='lat' dir='ltr'>e.</span> 
     </span>
     <span class='ocr_line' id='line_1_8' title="bbox 76 1058 1225 1150; baseline 0.003 -18"><span class='ocrx_word' id='word_1_64' title='bbox 76 1067 189 1134; x_wconf 86' lang='lat' dir='ltr'>Ulixes</span> <span class='ocrx_word' id='word_1_65' title='bbox 207 1072 395 1150; x_wconf 85' lang='lat' dir='ltr'>personatus</span> <span class='ocrx_word' id='word_1_66' title='bbox 415 1059 658 1149; x_wconf 90' lang='lat' dir='ltr'>‘conquassatus</span> <span class='ocrx_word' id='word_1_67' title='bbox 674 1058 807 1134; x_wconf 87' lang='lat' dir='ltr'>eiulatu&#39;</span> <span class='ocrx_word' id='word_1_68' title='bbox 826 1086 959 1150; x_wconf 78' lang='lat' dir='ltr'>gregum</span> <span class='ocrx_word' id='word_1_69' title='bbox 973 1087 1115 1135; x_wconf 90' lang='lat' dir='ltr'>amorem</span> <span class='ocrx_word' id='word_1_70' title='bbox 1131 1068 1225 1135; x_wconf 81' lang='lat' dir='ltr'>Gala·</span> 
     </span>
     <span class='ocr_line' id='line_1_9' title="bbox 74 1167 1227 1253; baseline 0.003 -21"><span class='ocrx_word' id='word_1_71' title='bbox 74 1177 146 1234; x_wconf 87' lang='lat' dir='ltr'>teae</span> <span class='ocrx_word' id='word_1_72' title='bbox 168 1167 406 1235; x_wconf 86' lang='lat' dir='ltr'>testificantium</span> <span class='ocrx_word' id='word_1_73' title='bbox 431 1168 482 1246; x_wconf 85' lang='lat' dir='ltr'>(of.</span> <span class='ocrx_word' id='word_1_74' title='bbox 497 1187 549 1233; x_wconf 89' lang='lat' dir='ltr'>uu.</span> <span class='ocrx_word' id='word_1_75' title='bbox 568 1171 606 1232; x_wconf 86' lang='grc'>73</span> <span class='ocrx_word' id='word_1_76' title='bbox 620 1173 680 1252; x_wconf 86' lang='lat' dir='ltr'>sq.)</span> <span class='ocrx_word' id='word_1_77' title='bbox 701 1171 734 1234; x_wconf 91' lang='lat' dir='ltr'>in</span> <span class='ocrx_word' id='word_1_78' title='bbox 756 1188 874 1235; x_wconf 89' lang='lat' dir='ltr'>scaena</span> <span class='ocrx_word' id='word_1_79' title='bbox 897 1170 1132 1253; x_wconf 83' lang='lat' dir='ltr'>comparuisse,</span> <span class='ocrx_word' id='word_1_80' title='bbox 1155 1190 1227 1236; x_wconf 91' lang='lat' dir='ltr'>cum</span> 
     </span>
     <span class='ocr_line' id='line_1_10' title="bbox 74 1268 1226 1354; baseline 0.003 -20"><span class='ocrx_word' id='word_1_81' title='bbox 74 1269 311 1354; x_wconf 91' lang='lat' dir='ltr'>Polyphemum</span> <span class='ocrx_word' id='word_1_82' title='bbox 323 1273 522 1335; x_wconf 88' lang='lat' dir='ltr'>cantaturum</span> <span class='ocrx_word' id='word_1_83' title='bbox 533 1268 575 1334; x_wconf 90' lang='lat' dir='ltr'>ad</span> <span class='ocrx_word' id='word_1_84' title='bbox 587 1269 662 1336; x_wconf 90' lang='lat' dir='ltr'>litus</span> <span class='ocrx_word' id='word_1_85' title='bbox 675 1271 887 1336; x_wconf 85' lang='lat' dir='ltr'>comitaretur.</span> <span class='ocrx_word' id='word_1_86' title='bbox 918 1270 1226 1338; x_wconf 87' lang='lat' dir='ltr'>Suhobscuranobis</span> 
     </span>
     <span class='ocr_line' id='line_1_11' title="bbox 73 1367 1226 1455; baseline 0.003 -19"><span class='ocrx_word' id='word_1_87' title='bbox 73 1371 201 1437; x_wconf 91' lang='lat' dir='ltr'>uidetur</span> <span class='ocrx_word' id='word_1_88' title='bbox 231 1371 404 1455; x_wconf 84' lang='lat' dir='ltr'>explicatio</span> <span class='ocrx_word' id='word_1_89' title='bbox 434 1367 620 1452; x_wconf 87' lang='lat' dir='ltr'>Schubarti,</span> <span class='ocrx_word' id='word_1_90' title='bbox 650 1373 869 1454; x_wconf 90' lang='lat' dir='ltr'>praeceptoris</span> <span class='ocrx_word' id='word_1_91' title='bbox 899 1391 1021 1437; x_wconf 91' lang='lat' dir='ltr'>summe</span> <span class='ocrx_word' id='word_1_92' title='bbox 1049 1374 1226 1440; x_wconf 87' lang='lat' dir='ltr'>uenerandi</span> 
     </span>
     <span class='ocr_line' id='line_1_12' title="bbox 72 1471 1224 1556; baseline 0.003 -19"><span class='ocrx_word' id='word_1_93' title='bbox 72 1473 125 1548; x_wconf 89' lang='lat' dir='ltr'>(de</span> <span class='ocrx_word' id='word_1_94' title='bbox 147 1472 423 1540; x_wconf 88' lang='lat' dir='ltr'>Hermesianactis</span> <span class='ocrx_word' id='word_1_95' title='bbox 445 1471 546 1553; x_wconf 90' lang='lat' dir='ltr'>elegis</span> <span class='ocrx_word' id='word_1_96' title='bbox 569 1471 660 1536; x_wconf 87' lang='lat' dir='ltr'>Plau.</span> <span class='ocrx_word' id='word_1_97' title='bbox 675 1474 756 1536; x_wconf 87' lang='lat'>1858</span> <span class='ocrx_word' id='word_1_98' title='bbox 782 1493 814 1556; x_wconf 90' lang='lat' dir='ltr'>p.</span> <span class='ocrx_word' id='word_1_99' title='bbox 829 1474 952 1554; x_wconf 68' lang='lat' dir='ltr'>then),</span> <span class='ocrx_word' id='word_1_100' title='bbox 983 1473 1038 1554; x_wconf 92' lang='lat' dir='ltr'>qui</span> <span class='ocrx_word' id='word_1_101' title='bbox 1060 1473 1111 1538; x_wconf 81' lang='lat' dir='ltr'>Pr.</span> <span class='ocrx_word' id='word_1_102' title='bbox 1131 1475 1224 1541; x_wconf 93' lang='lat' dir='ltr'>Palm</span> 
     </span>
     <span class='ocr_line' id='line_1_13' title="bbox 71 1571 1224 1656; baseline 0.003 -17"><span class='ocrx_word' id='word_1_103' title='bbox 71 1580 202 1642; x_wconf 89' lang='lat' dir='ltr'>auctore</span> <span class='ocrx_word' id='word_1_104' title='bbox 217 1575 312 1641; x_wconf 90' lang='lat' dir='ltr'>Hom.</span> <span class='ocrx_word' id='word_1_105' title='bbox 325 1573 386 1642; x_wconf 90' lang='lat' dir='ltr'>Od.</span> <span class='ocrx_word' id='word_1_106' title='bbox 402 1594 433 1638; x_wconf 91' lang='lat' dir='ltr'>u.</span> <span class='ocrx_word' id='word_1_107' title='bbox 445 1574 502 1656; x_wconf 93' lang='lat' dir='ltr'>IX,</span> <span class='ocrx_word' id='word_1_108' title='bbox 517 1576 578 1637; x_wconf 83' lang='lat'>395</span> <span class='ocrx_word' id='word_1_109' title='bbox 602 1579 785 1656; x_wconf 89' lang='lat' dir='ltr'>comparato</span> <span class='ocrx_word' id='word_1_110' title='bbox 801 1571 1015 1638; x_wconf 87' lang='lat' dir='ltr'>Philoxenum</span> <span class='ocrx_word' id='word_1_111' title='bbox 1038 1574 1079 1639; x_wconf 90' lang='lat' dir='ltr'>ab</span> <span class='ocrx_word' id='word_1_112' title='bbox 1091 1574 1224 1643; x_wconf 90' lang='lat' dir='ltr'>Herme-</span> 
     </span>
     <span class='ocr_line' id='line_1_14' title="bbox 72 1673 1224 1757; baseline 0.002 -17"><span class='ocrx_word' id='word_1_113' title='bbox 72 1678 214 1743; x_wconf 87' lang='lat' dir='ltr'>sianaote</span> <span class='ocrx_word' id='word_1_114' title='bbox 231 1676 296 1742; x_wconf 92' lang='lat' dir='ltr'>dici</span> <span class='ocrx_word' id='word_1_115' title='bbox 314 1677 455 1741; x_wconf 90' lang='lat' dir='ltr'>clamore</span> <span class='ocrx_word' id='word_1_116' title='bbox 477 1681 510 1740; x_wconf 94' lang='lat' dir='ltr'>et</span> <span class='ocrx_word' id='word_1_117' title='bbox 531 1675 625 1740; x_wconf 91' lang='lat' dir='ltr'>minis</span> <span class='ocrx_word' id='word_1_118' title='bbox 641 1673 793 1757; x_wconf 75' lang='lat' dir='ltr'>cyclopis</span> <span class='ocrx_word' id='word_1_119' title='bbox 816 1675 836 1738; x_wconf 99' lang='lat' dir='ltr'>i.</span> <span class='ocrx_word' id='word_1_120' title='bbox 854 1693 881 1740; x_wconf 93' lang='lat' dir='ltr'>e.</span> <span class='ocrx_word' id='word_1_121' title='bbox 897 1674 1046 1756; x_wconf 90' lang='lat' dir='ltr'>Dionysii</span> <span class='ocrx_word' id='word_1_122' title='bbox 1070 1695 1111 1740; x_wconf 90' lang='lat' dir='ltr'>ex</span> <span class='ocrx_word' id='word_1_123' title='bbox 1132 1683 1224 1743; x_wconf 89' lang='lat' dir='ltr'>antro</span> 
     </span>
     <span class='ocr_line' id='line_1_15' title="bbox 71 1773 1222 1860; baseline 0.001 -17"><span class='ocrx_word' id='word_1_124' title='bbox 71 1779 139 1844; x_wconf 90' lang='lat' dir='ltr'>eius</span> <span class='ocrx_word' id='word_1_125' title='bbox 162 1778 183 1843; x_wconf 91' lang='lat' dir='ltr'>i.</span> <span class='ocrx_word' id='word_1_126' title='bbox 201 1798 229 1844; x_wconf 91' lang='lat' dir='ltr'>e.</span> <span class='ocrx_word' id='word_1_127' title='bbox 245 1777 416 1860; x_wconf 87' lang='lat' dir='ltr'>Syracusis</span> <span class='ocrx_word' id='word_1_128' title='bbox 433 1777 601 1859; x_wconf 88' lang='lat' dir='ltr'>expulsum</span> <span class='ocrx_word' id='word_1_129' title='bbox 624 1795 682 1859; x_wconf 91' lang='lat' dir='ltr'>per</span> <span class='ocrx_word' id='word_1_130' title='bbox 698 1773 917 1858; x_wconf 76' lang='lat' dir='ltr'>Colophonem</span> <span class='ocrx_word' id='word_1_131' title='bbox 940 1777 1068 1842; x_wconf 91' lang='lat' dir='ltr'>uenisse</span> <span class='ocrx_word' id='word_1_132' title='bbox 1090 1777 1222 1844; x_wconf 86' lang='lat' dir='ltr'>arbitra·</span> 
     </span>
     <span class='ocr_line' id='line_1_16' title="bbox 70 1868 1221 1963; baseline 0.002 -19"><span class='ocrx_word' id='word_1_133' title='bbox 70 1885 127 1963; x_wconf 88' lang='lat' dir='ltr'>tur,</span> <span class='ocrx_word' id='word_1_134' title='bbox 153 1881 200 1944; x_wconf 90' lang='lat' dir='ltr'>ita</span> <span class='ocrx_word' id='word_1_135' title='bbox 221 1885 256 1946; x_wconf 89' lang='lat' dir='ltr'>ut</span> <span class='ocrx_word' id='word_1_136' title='bbox 278 1879 440 1963; x_wconf 87' lang='lat' dir='ltr'>elegiacos</span> <span class='ocrx_word' id='word_1_137' title='bbox 462 1883 559 1962; x_wconf 89' lang='lat' dir='ltr'>poeta</span> <span class='ocrx_word' id='word_1_138' title='bbox 581 1895 620 1942; x_wconf 92' lang='lat' dir='ltr'>ea</span> <span class='ocrx_word' id='word_1_139' title='bbox 641 1878 713 1961; x_wconf 90' lang='lat' dir='ltr'>ipsa</span> <span class='ocrx_word' id='word_1_140' title='bbox 735 1877 835 1942; x_wconf 86' lang='lat' dir='ltr'>uerba</span> <span class='ocrx_word' id='word_1_141' title='bbox 858 1868 967 1963; x_wconf 78' lang='grc' dir='ltr'><em>ὠρυγῇ</em></span> <span class='ocrx_word' id='word_1_142' title='bbox 984 1881 1157 1958; x_wconf 68' lang='grc' dir='ltr'><strong><em>τιναχθεὶς</em></strong></span> <span class='ocrx_word' id='word_1_143' title='bbox 1181 1899 1221 1946; x_wconf 93' lang='lat' dir='ltr'>ex</span> 
     </span>
     <span class='ocr_line' id='line_1_17' title="bbox 70 1979 1223 2064; baseline 0.003 -20"><span class='ocrx_word' id='word_1_144' title='bbox 70 1982 141 2064; x_wconf 92' lang='lat' dir='ltr'>ipso</span> <span class='ocrx_word' id='word_1_145' title='bbox 157 1980 330 2047; x_wconf 92' lang='lat' dir='ltr'>Philoxeni</span> <span class='ocrx_word' id='word_1_146' title='bbox 346 1980 487 2046; x_wconf 90' lang='lat' dir='ltr'>carmine</span> <span class='ocrx_word' id='word_1_147' title='bbox 502 1979 747 2062; x_wconf 89' lang='lat' dir='ltr'>deprompserit.</span> <span class='ocrx_word' id='word_1_148' title='bbox 784 1979 916 2045; x_wconf 79' lang='lat' dir='ltr'>Tectam</span> <span class='ocrx_word' id='word_1_149' title='bbox 940 1980 1023 2046; x_wconf 89' lang='lat' dir='ltr'>hanc</span> <span class='ocrx_word' id='word_1_150' title='bbox 1040 1979 1223 2064; x_wconf 67' lang='lat' dir='ltr'>cyclopeae</span> 
     </span>
     <span class='ocr_line' id='line_1_18' title="bbox 70 2081 1223 2166; baseline -0.001 -18"><span class='ocrx_word' id='word_1_151' title='bbox 70 2083 173 2149; x_wconf 89' lang='lat' dir='ltr'>cladis</span> <span class='ocrx_word' id='word_1_152' title='bbox 189 2082 455 2166; x_wconf 85' lang='lat' dir='ltr'>significationem</span> <span class='ocrx_word' id='word_1_153' title='bbox 470 2100 618 2147; x_wconf 89' lang='lat' dir='ltr'>uerenrur</span> <span class='ocrx_word' id='word_1_154' title='bbox 641 2086 675 2145; x_wconf 89' lang='lat' dir='ltr'>ut</span> <span class='ocrx_word' id='word_1_155' title='bbox 697 2081 867 2163; x_wconf 89' lang='lat' dir='ltr'>quisquam</span> <span class='ocrx_word' id='word_1_156' title='bbox 889 2081 1095 2163; x_wconf 88' lang='lat' dir='ltr'>intellexerit,</span> <span class='ocrx_word' id='word_1_157' title='bbox 1118 2102 1223 2164; x_wconf 91' lang='lat' dir='ltr'>neque</span> 
     </span>
     <span class='ocr_line' id='line_1_19' title="bbox 69 2180 1223 2269; baseline -0.003 -19"><span class='ocrx_word' id='word_1_158' title='bbox 69 2185 277 2269; x_wconf 90' lang='lat' dir='ltr'>perspicitur,</span> <span class='ocrx_word' id='word_1_159' title='bbox 312 2205 367 2250; x_wconf 91' lang='lat' dir='ltr'>our</span> <span class='ocrx_word' id='word_1_160' title='bbox 400 2203 458 2268; x_wconf 87' lang='lat' dir='ltr'>per</span> <span class='ocrx_word' id='word_1_161' title='bbox 488 2180 708 2265; x_wconf 79' lang='lat' dir='ltr'>Colophonem</span> <span class='ocrx_word' id='word_1_162' title='bbox 742 2180 903 2265; x_wconf 89' lang='lat' dir='ltr'>quondam</span> <span class='ocrx_word' id='word_1_163' title='bbox 935 2181 1063 2246; x_wconf 91' lang='lat' dir='ltr'>uenisse</span> <span class='ocrx_word' id='word_1_164' title='bbox 1096 2181 1223 2248; x_wconf 87' lang='lat' dir='ltr'>dicatur</span> 
     </span>
     <span class='ocr_line' id='line_1_20' title="bbox 68 2281 1221 2369; baseline -0.001 -18"><span class='ocrx_word' id='word_1_165' title='bbox 68 2284 242 2369; x_wconf 79' lang='lat' dir='ltr'>Cytherius</span> <span class='ocrx_word' id='word_1_166' title='bbox 257 2287 396 2352; x_wconf 91' lang='lat' dir='ltr'>clamore</span> <span class='ocrx_word' id='word_1_167' title='bbox 412 2287 445 2350; x_wconf 92' lang='lat' dir='ltr'>in</span> <span class='ocrx_word' id='word_1_168' title='bbox 459 2283 570 2350; x_wconf 86' lang='lat' dir='ltr'>Asiam</span> <span class='ocrx_word' id='word_1_169' title='bbox 593 2301 694 2365; x_wconf 91' lang='lat' dir='ltr'>usque</span> <span class='ocrx_word' id='word_1_170' title='bbox 716 2283 854 2364; x_wconf 87' lang='lat' dir='ltr'>fugatus,</span> <span class='ocrx_word' id='word_1_171' title='bbox 877 2300 947 2346; x_wconf 90' lang='lat' dir='ltr'>cum</span> <span class='ocrx_word' id='word_1_172' title='bbox 971 2281 1076 2365; x_wconf 92' lang='lat' dir='ltr'>ipsum</span> <span class='ocrx_word' id='word_1_173' title='bbox 1099 2283 1221 2350; x_wconf 90' lang='lat' dir='ltr'>uidisse</span> 
     </span>
     <span class='ocr_line' id='line_1_21' title="bbox 67 2387 1175 2471; baseline -0.007 -19"><span class='ocrx_word' id='word_1_174' title='bbox 67 2408 130 2454; x_wconf 89' lang='lat' dir='ltr'>nen</span> <span class='ocrx_word' id='word_1_175' title='bbox 154 2389 258 2471; x_wconf 90' lang='lat' dir='ltr'>possit</span> <span class='ocrx_word' id='word_1_176' title='bbox 279 2387 457 2454; x_wconf 90' lang='lat' dir='ltr'>Leontium.</span> <span class='ocrx_word' id='word_1_177' title='bbox 1174 2391 1175 2394; x_wconf 75' lang='grc'>’</span> 
     </span>
     <span class='ocr_line' id='line_1_22' title="bbox 154 2481 1224 2572; baseline 0 -18"><span class='ocrx_word' id='word_1_178' title='bbox 154 2490 339 2555; x_wconf 90' lang='lat' dir='ltr'>Inuenimus</span> <span class='ocrx_word' id='word_1_179' title='bbox 361 2489 459 2572; x_wconf 88' lang='lat' dir='ltr'>igitur</span> <span class='ocrx_word' id='word_1_180' title='bbox 487 2486 623 2569; x_wconf 89' lang='lat' dir='ltr'>primum</span> <span class='ocrx_word' id='word_1_181' title='bbox 651 2484 684 2548; x_wconf 93' lang='lat' dir='ltr'>in</span> <span class='ocrx_word' id='word_1_182' title='bbox 706 2481 878 2548; x_wconf 91' lang='lat' dir='ltr'>Philoxeni</span> <span class='ocrx_word' id='word_1_183' title='bbox 906 2483 1051 2550; x_wconf 89' lang='lat' dir='ltr'>dramate</span> <span class='ocrx_word' id='word_1_184' title='bbox 1080 2505 1224 2555; x_wconf 90' lang='lat' dir='ltr'>amorem</span> 
     </span>
     <span class='ocr_line' id='line_1_23' title="bbox 68 2585 1220 2674; baseline 0.003 -21"><span class='ocrx_word' id='word_1_185' title='bbox 68 2589 126 2655; x_wconf 87' lang='lat' dir='ltr'>leri</span> <span class='ocrx_word' id='word_1_186' title='bbox 144 2589 306 2674; x_wconf 79' lang='lat' dir='ltr'>Cyclopis,</span> <span class='ocrx_word' id='word_1_187' title='bbox 331 2592 385 2672; x_wconf 87' lang='lat' dir='ltr'>qui</span> <span class='ocrx_word' id='word_1_188' title='bbox 400 2589 498 2673; x_wconf 91' lang='lat' dir='ltr'>paulo</span> <span class='ocrx_word' id='word_1_189' title='bbox 512 2587 676 2654; x_wconf 91' lang='lat' dir='ltr'>molliores</span> <span class='ocrx_word' id='word_1_190' title='bbox 693 2591 724 2650; x_wconf 92' lang='lat' dir='ltr'>et</span> <span class='ocrx_word' id='word_1_191' title='bbox 739 2585 899 2650; x_wconf 89' lang='lat' dir='ltr'>tenuiores</span> <span class='ocrx_word' id='word_1_192' title='bbox 922 2604 1034 2652; x_wconf 88' lang='lat' dir='ltr'>sensus</span> <span class='ocrx_word' id='word_1_193' title='bbox 1057 2589 1220 2674; x_wconf 89' lang='lat' dir='ltr'>excitauit,</span> 
     </span>
     <span class='ocr_line' id='line_1_24' title="bbox 69 2686 1220 2775; baseline 0.001 -19"><span class='ocrx_word' id='word_1_194' title='bbox 69 2710 262 2774; x_wconf 87' lang='lat' dir='ltr'>quamquam</span> <span class='ocrx_word' id='word_1_195' title='bbox 284 2712 349 2758; x_wconf 93' lang='lat' dir='ltr'>non</span> <span class='ocrx_word' id='word_1_196' title='bbox 369 2710 500 2775; x_wconf 92' lang='lat' dir='ltr'>prorsus</span> <span class='ocrx_word' id='word_1_197' title='bbox 523 2689 699 2771; x_wconf 87' lang='lat' dir='ltr'>exstirpata</span> <span class='ocrx_word' id='word_1_198' title='bbox 721 2692 770 2754; x_wconf 90' lang='lat' dir='ltr'>est</span> <span class='ocrx_word' id='word_1_199' title='bbox 791 2687 957 2770; x_wconf 86' lang='lat' dir='ltr'>ferocitas,</span> <span class='ocrx_word' id='word_1_200' title='bbox 987 2686 1021 2752; x_wconf 97' lang='lat' dir='ltr'>id</span> <span class='ocrx_word' id='word_1_201' title='bbox 1048 2690 1134 2771; x_wconf 92' lang='lat' dir='ltr'>quod</span> <span class='ocrx_word' id='word_1_202' title='bbox 1162 2692 1220 2757; x_wconf 86' lang='lat' dir='ltr'>dn·</span> 
     </span>
     <span class='ocr_line' id='line_1_25' title="bbox 68 2786 1220 2877; baseline -0.003 -18"><span class='ocrx_word' id='word_1_203' title='bbox 68 2811 144 2874; x_wconf 84' lang='lat' dir='ltr'>gere</span> <span class='ocrx_word' id='word_1_204' title='bbox 166 2795 375 2877; x_wconf 87' lang='lat' dir='ltr'>posteriorem</span> <span class='ocrx_word' id='word_1_205' title='bbox 398 2791 527 2857; x_wconf 90' lang='lat' dir='ltr'>demum</span> <span class='ocrx_word' id='word_1_206' title='bbox 555 2795 694 2856; x_wconf 91' lang='lat' dir='ltr'>aetatem</span> <span class='ocrx_word' id='word_1_207' title='bbox 722 2788 912 2854; x_wconf 90' lang='lat' dir='ltr'>uidebimus.</span> <span class='ocrx_word' id='word_1_208' title='bbox 956 2786 1129 2855; x_wconf 91' lang='lat' dir='ltr'>Praeterea</span> <span class='ocrx_word' id='word_1_209' title='bbox 1155 2811 1220 2856; x_wconf 92' lang='lat' dir='ltr'>non</span> 
     </span>
     <span class='ocr_line' id='line_1_26' title="bbox 68 2889 1219 2979; baseline -0.002 -21"><span class='ocrx_word' id='word_1_210' title='bbox 68 2901 116 2959; x_wconf 90' lang='lat' dir='ltr'>est</span> <span class='ocrx_word' id='word_1_211' title='bbox 139 2894 362 2979; x_wconf 91' lang='lat' dir='ltr'>omittendum,</span> <span class='ocrx_word' id='word_1_212' title='bbox 386 2891 474 2977; x_wconf 92' lang='lat' dir='ltr'>quod</span> <span class='ocrx_word' id='word_1_213' title='bbox 496 2891 549 2959; x_wconf 91' lang='lat' dir='ltr'>hic</span> <span class='ocrx_word' id='word_1_214' title='bbox 570 2892 708 2975; x_wconf 91' lang='lat' dir='ltr'>primum</span> <span class='ocrx_word' id='word_1_215' title='bbox 731 2889 973 2956; x_wconf 86' lang='lat' dir='ltr'>citharizantem</span> <span class='ocrx_word' id='word_1_216' title='bbox 996 2895 1028 2954; x_wconf 88' lang='lat' dir='ltr'>et</span> <span class='ocrx_word' id='word_1_217' title='bbox 1049 2892 1219 2956; x_wconf 90' lang='lat' dir='ltr'>saltantem</span> 
     </span>
     <span class='ocr_line' id='line_1_27' title="bbox 68 2990 1218 3080; baseline -0.002 -20"><span class='ocrx_word' id='word_1_218' title='bbox 68 2995 339 3080; x_wconf 85' lang='lat' dir='ltr'>deprehendimus</span> <span class='ocrx_word' id='word_1_219' title='bbox 368 2995 553 3079; x_wconf 80' lang='lat' dir='ltr'>Cyclopem.</span> <span class='ocrx_word' id='word_1_220' title='bbox 604 2993 735 3058; x_wconf 90' lang='lat' dir='ltr'>Duabus</span> <span class='ocrx_word' id='word_1_221' title='bbox 763 2990 814 3056; x_wconf 90' lang='lat' dir='ltr'>his</span> <span class='ocrx_word' id='word_1_222' title='bbox 843 2990 939 3055; x_wconf 90' lang='lat' dir='ltr'>rebus</span> <span class='ocrx_word' id='word_1_223' title='bbox 966 2991 1092 3056; x_wconf 92' lang='lat' dir='ltr'>nouatis</span> <span class='ocrx_word' id='word_1_224' title='bbox 1121 2993 1218 3074; x_wconf 87' lang='lat' dir='ltr'>plane</span> 
     </span>
     <span class='ocr_line' id='line_1_28' title="bbox 68 3088 1218 3173; baseline -0.003 -11"><span class='ocrx_word' id='word_1_225' title='bbox 68 3117 152 3164; x_wconf 91' lang='lat' dir='ltr'>noua</span> <span class='ocrx_word' id='word_1_226' title='bbox 173 3097 382 3163; x_wconf 83' lang='lat' dir='ltr'>fundamenta</span> <span class='ocrx_word' id='word_1_227' title='bbox 404 3096 481 3162; x_wconf 92' lang='lat' dir='ltr'>iecit</span> <span class='ocrx_word' id='word_1_228' title='bbox 502 3094 699 3159; x_wconf 88' lang='lat' dir='ltr'>Philoxenus</span> <span class='ocrx_word' id='word_1_229' title='bbox 720 3110 825 3158; x_wconf 88' lang='lat' dir='ltr'>nouae</span> <span class='ocrx_word' id='word_1_230' title='bbox 848 3090 966 3155; x_wconf 91' lang='lat' dir='ltr'>ueteris</span> <span class='ocrx_word' id='word_1_231' title='bbox 988 3088 1111 3173; x_wconf 82' lang='lat' dir='ltr'>figurae</span> <span class='ocrx_word' id='word_1_232' title='bbox 1136 3099 1218 3158; x_wconf 88' lang='lat' dir='ltr'>trac-</span> 
     </span>
     <span class='ocr_line' id='line_1_29' title="bbox 68 3190 1218 3282; baseline -0.003 -18"><span class='ocrx_word' id='word_1_233' title='bbox 68 3201 207 3282; x_wconf 87' lang='lat' dir='ltr'>tationis,</span> <span class='ocrx_word' id='word_1_234' title='bbox 230 3204 327 3281; x_wconf 89' lang='lat' dir='ltr'>atque</span> <span class='ocrx_word' id='word_1_235' title='bbox 342 3200 374 3263; x_wconf 93' lang='lat' dir='ltr'>in</span> <span class='ocrx_word' id='word_1_236' title='bbox 389 3197 440 3264; x_wconf 92' lang='lat' dir='ltr'>his</span> <span class='ocrx_word' id='word_1_237' title='bbox 455 3196 656 3281; x_wconf 90' lang='lat' dir='ltr'>potissimum</span> <span class='ocrx_word' id='word_1_238' title='bbox 672 3191 868 3274; x_wconf 90' lang='lat' dir='ltr'>argumentis</span> <span class='ocrx_word' id='word_1_239' title='bbox 883 3190 1070 3256; x_wconf 90' lang='lat' dir='ltr'>excolendis</span> <span class='ocrx_word' id='word_1_240' title='bbox 1092 3198 1125 3258; x_wconf 90' lang='lat' dir='ltr'>et</span> <span class='ocrx_word' id='word_1_241' title='bbox 1145 3211 1218 3278; x_wconf 91' lang='lat' dir='ltr'>per·</span> 
     </span>
     <span class='ocr_line' id='line_1_30' title="bbox 68 3291 1216 3383; baseline -0.004 -17"><span class='ocrx_word' id='word_1_242' title='bbox 68 3300 227 3383; x_wconf 91' lang='lat' dir='ltr'>poliendis</span> <span class='ocrx_word' id='word_1_243' title='bbox 243 3305 388 3365; x_wconf 90' lang='lat' dir='ltr'>uersatur</span> <span class='ocrx_word' id='word_1_244' title='bbox 409 3298 610 3382; x_wconf 88' lang='lat' dir='ltr'>sequentium</span> <span class='ocrx_word' id='word_1_245' title='bbox 633 3313 784 3360; x_wconf 90' lang='lat' dir='ltr'>aeucrum</span> <span class='ocrx_word' id='word_1_246' title='bbox 806 3311 859 3358; x_wconf 87' lang='lat' dir='ltr'>ars</span> <span class='ocrx_word' id='word_1_247' title='bbox 881 3311 902 3358; x_wconf 90' lang='lat' dir='ltr'>a</span> <span class='ocrx_word' id='word_1_248' title='bbox 924 3291 1133 3359; x_wconf 88' lang='lat' dir='ltr'>celeberrimo</span> <span class='ocrx_word' id='word_1_249' title='bbox 1153 3293 1216 3378; x_wconf 82' lang='lat' dir='ltr'>Gy·</span> 
     </span>
    </p>
   </div>
   <div class='ocr_carea' id='block_1_3' title="bbox 67 3393 565 3486">
    <p class='ocr_par' dir='ltr' id='par_1_3' title="bbox 67 3393 565 3486">
     <span class='ocr_line' id='line_1_31' title="bbox 67 3393 565 3486; baseline -0.006 -21"><span class='ocrx_word' id='word_1_250' title='bbox 67 3393 161 3468; x_wconf 90' lang='lat' dir='ltr'>therii</span> <span class='ocrx_word' id='word_1_251' title='bbox 184 3400 389 3486; x_wconf 89' lang='lat' dir='ltr'>dithyrambo</span> <span class='ocrx_word' id='word_1_252' title='bbox 411 3399 565 3485; x_wconf 83' lang='lat' dir='ltr'>profecta.</span> 
     </span>
    </p>
   </div>
   <div class='ocr_carea' id='block_1_4' title="bbox 67 3521 269 3531">
    <p class='ocr_par' dir='ltr' id='par_1_4' title="bbox 67 3521 269 3531">
     <span class='ocr_line' id='line_1_32' title="bbox 67 3521 269 3531; baseline -0.005 0"><span class='ocrx_word' id='word_1_253' title='bbox 67 3521 269 3531; x_wconf 59' lang='lat' dir='ltr'><em>—n—-—</em></span> 
     </span>
    </p>
   </div>
   <div class='ocr_carea' id='block_1_5' title="bbox 67 3573 1216 3823">
    <p class='ocr_par' dir='ltr' id='par_1_5' title="bbox 67 3573 1216 3823">
     <span class='ocr_line' id='line_1_33' title="bbox 68 3573 1215 3654; baseline -0.002 -15"><span class='ocrx_word' id='word_1_254' title='bbox 68 3587 113 3638; x_wconf 77' lang='grc' dir='ltr'>κοῦ</span> <span class='ocrx_word' id='word_1_255' title='bbox 128 3588 157 3640; x_wconf 91' lang='lat' dir='ltr'>et</span> <span class='ocrx_word' id='word_1_256' title='bbox 165 3601 190 3654; x_wconf 88' lang='lat' dir='ltr'>q.</span> <span class='ocrx_word' id='word_1_257' title='bbox 202 3599 233 3651; x_wconf 80' lang='lat' dir='ltr'>s,</span> <span class='ocrx_word' id='word_1_258' title='bbox 252 3584 300 3640; x_wconf 91' lang='lat' dir='ltr'>ubi</span> <span class='ocrx_word' id='word_1_259' title='bbox 312 3586 396 3641; x_wconf 88' lang='lat' dir='ltr'>uerba</span> <span class='ocrx_word' id='word_1_260' title='bbox 414 3578 539 3653; x_wconf 77' lang='grc' dir='ltr'><em>ἐτράφη</em></span> <span class='ocrx_word' id='word_1_261' title='bbox 557 3583 602 3632; x_wconf 76' lang='grc' dir='ltr'>καὶ</span> <span class='ocrx_word' id='word_1_262' title='bbox 619 3573 750 3649; x_wconf 76' lang='grc' dir='ltr'><strong><em>μύρμηξ</em></strong></span> <span class='ocrx_word' id='word_1_263' title='bbox 769 3573 922 3629; x_wconf 69' lang='grc' dir='ltr'><strong><em>ἐκαλεῖτο</em></strong></span> <span class='ocrx_word' id='word_1_264' title='bbox 939 3576 1077 3632; x_wconf 88' lang='lat' dir='ltr'>illustrare</span> <span class='ocrx_word' id='word_1_265' title='bbox 1087 3585 1215 3648; x_wconf 85' lang='lat' dir='ltr'>putamus</span> 
     </span>
     <span class='ocr_line' id='line_1_34' title="bbox 67 3659 1215 3740; baseline -0.003 -17"><span class='ocrx_word' id='word_1_266' title='bbox 67 3669 305 3724; x_wconf 86' lang='lat' dir='ltr'>Hermesianactea</span> <span class='ocrx_word' id='word_1_267' title='bbox 328 3663 360 3721; x_wconf 73' lang='lat' dir='ltr'>dv</span> <span class='ocrx_word' id='word_1_268' title='bbox 378 3669 579 3740; x_wconf 70' lang='grc' dir='ltr'><strong><em>ἐθρέψαντο</em></strong></span> <span class='ocrx_word' id='word_1_269' title='bbox 595 3663 713 3732; x_wconf 79' lang='grc' dir='ltr'>τιθῆναι</span> <span class='ocrx_word' id='word_1_270' title='bbox 730 3659 836 3727; x_wconf 73' lang='grc' dir='ltr'><strong><em>Βάκχον</em></strong></span> <span class='ocrx_word' id='word_1_271' title='bbox 857 3665 885 3716; x_wconf 94' lang='lat' dir='ltr'>et</span> <span class='ocrx_word' id='word_1_272' title='bbox 901 3677 996 3718; x_wconf 87' lang='lat' dir='ltr'>rursus</span> <span class='ocrx_word' id='word_1_273' title='bbox 1015 3661 1215 3730; x_wconf 69' lang='grc' dir='ltr'><strong><em>ἐπαιδεύθη</em></strong></span> 
     </span>
     <span class='ocr_line' id='line_1_35' title="bbox 68 3743 1216 3823; baseline -0.003 -19"><span class='ocrx_word' id='word_1_274' title='bbox 68 3751 98 3804; x_wconf 79' lang='grc' dir='ltr'>δὲ</span> <span class='ocrx_word' id='word_1_275' title='bbox 114 3786 147 3795; x_wconf 94' lang='grc'>-</span> <span class='ocrx_word' id='word_1_276' title='bbox 166 3751 376 3808; x_wconf 77' lang='grc' dir='ltr'><strong><em>Μελανιππίδον</em></strong></span> <span class='ocrx_word' id='word_1_277' title='bbox 394 3755 544 3823; x_wconf 77' lang='grc' dir='ltr'><strong><em>πριαμένου</em></strong></span> <span class='ocrx_word' id='word_1_278' title='bbox 563 3746 648 3804; x_wconf 81' lang='grc' dir='ltr'><strong><em>αὐτὸν</em></strong></span> <span class='ocrx_word' id='word_1_279' title='bbox 666 3749 714 3802; x_wconf 80' lang='grc' dir='ltr'>τοῦ</span> <span class='ocrx_word' id='word_1_280' title='bbox 733 3745 868 3818; x_wconf 62' lang='lat' dir='ltr'>avernos</span> <span class='ocrx_word' id='word_1_281' title='bbox 888 3746 955 3801; x_wconf 87' lang='lat' dir='ltr'>haec</span> <span class='ocrx_word' id='word_1_282' title='bbox 973 3743 1122 3802; x_wconf 75' lang='lat' dir='ltr'>Modesto</span> <span class='ocrx_word' id='word_1_283' title='bbox 1139 3769 1216 3804; x_wconf 78' lang='grc' dir='ltr'><strong><em>παι-</em></strong></span> 
     </span>
    </p>
   </div>
   <div class='ocr_carea' id='block_1_6' title="bbox 69 3836 240 3894">
    <p class='ocr_par' dir='ltr' id='par_1_6' title="bbox 69 3836 240 3894">
     <span class='ocr_line' id='line_1_36' title="bbox 69 3836 240 3894; baseline 0 -3"><span class='ocrx_word' id='word_1_284' title='bbox 69 3836 240 3894; x_wconf 66' lang='grc' dir='ltr'><strong><em>διαθέντα.</em></strong></span> 
     </span>
    </p>
   </div>
   <div class='ocr_carea' id='block_1_7' title="bbox 538 3941 741 3951">
    <p class='ocr_par' dir='ltr' id='par_1_7' title="bbox 538 3941 741 3951">
     <span class='ocr_line' id='line_1_37' title="bbox 538 3941 741 3951; baseline -0.015 0"><span class='ocrx_word' id='word_1_285' title='bbox 538 3941 741 3951; x_wconf 82' lang='lat'>——--——</span> 
     </span>
    </p>
   </div>
   <div class='ocr_carea' id='block_1_8' title="bbox 117 4117 414 4174">
    <p class='ocr_par' dir='ltr' id='par_1_8' title="bbox 117 4117 414 4174">
     <span class='ocr_line' id='line_1_38' title="bbox 117 4117 414 4174; baseline -0.007 -11"><span class='ocrx_word' id='word_1_286' title='bbox 117 4121 234 4174; x_wconf 75' lang='lat' dir='ltr'>halprigsr</span> <span class='ocrx_word' id='word_1_287' title='bbox 246 4120 346 4164; x_wconf 80' lang='lat' dir='ltr'>Studien.</span> <span class='ocrx_word' id='word_1_288' title='bbox 367 4117 414 4161; x_wconf 77' lang='lat' dir='ltr'>m</span> 
     </span>
    </p>
   </div>
   <div class='ocr_carea' id='block_1_9' title="bbox 0 0 1518 4672">
    <p class='ocr_par' dir='ltr' id='par_1_9' title="bbox 0 0 1518 4672">
     <span class='ocr_line' id='line_1_39' title="bbox 0 0 1518 4672; baseline 0 4"><span class='ocrx_word' id='word_1_289' title='bbox 0 0 1518 4672; x_wconf 95' lang='lat' dir='ltr'> </span> 
     </span>
    </p>
   </div>
  </div>
 </body>
</html>
