3028 4672
304 269 368 330 212
671 264 801 333 Georgius
819 262 954 318 Ricardus
970 261 1089 317 Holland

307 442 501 527 respiciente
517 437 559 504 ad
575 457 800 522 praegressum
822 457 950 504 uersum
966 438 1028 500 489
1052 429 1169 521 ἄχαριν
1184 432 1324 500 κέλαδον
1343 455 1448 516 μονοι-

308 540 454 624 ζόμονος.
500 539 673 623 Oomparat
693 545 802 606 autem
824 536 962 603 Galatea
989 544 1165 604 amatorem
1195 557 1266 603 cum
1289 536 1447 603 Philonide

306 644 486 726 Melitensi‚
519 661 658 727 persona
685 641 817 707 comicis
846 639 1058 722 largissimam
1088 639 1263 706 uellicandi
1294 637 1447 703 materiam

306 744 497 832 praebente,
527 742 735 825 quiquidem
758 760 835 807 sane
865 739 1006 806 habebat
1034 762 1090 807 cur
1119 761 1191 807 com
1214 740 1358 825 Cyclope
1385 759 1446 805 oon·

306 846 450 927 ferretur,
474 846 502 911 si
524 863 610 932 uera
623 843 754 910 tradunt
766 840 993 925 Aristophanis
1016 843 1209 910 scholiastae
1233 842 1378 907 dicentes
1399 840 1446 904 l.l.

306 947 420 1032 grandi
433 967 506 1013 eum
521 937 624 1029 figura
639 951 671 1012 et
686 946 851 1029 opulentia
866 951 898 1011 et
913 946 1047 1012 stultitia
1061 945 1249 1026 insignitum
1264 943 1374 1024 fuisse,
1390 942 1447 1024 qui-

306 1051 367 1116 bus
381 1047 493 1114 sordes
509 1065 636 1129 quoque
651 1049 826 1114 accessisse
842 1047 976 1113 discitur
991 1067 1032 1112 ex
1046 1046 1143 1112 Arist.
1155 1046 1235 1128 plut.
1252 1065 1304 1110 uu.
1319 1047 1446 1126 303sqq.

307 1151 346 1216 of.
363 1147 463 1215 schol.
482 1168 512 1213 u.
526 1150 603 1212 303:
626 1149 802 1213 καὶταῦτα
825 1145 1081 1234 reportandas
1102 1143 1161 1211 τὸν
1176 1143 1332 1211 Μελιτέα
1354 1140 1398 1222 ὡς
1418 1137 1447 1209 od

306 1247 409 1332 μόνον
424 1246 535 1332 μέγαν,
558 1239 713 1314 ἀλλὰκαὶ
730 1243 850 1334 ἀμαθῆ
871 1249 927 1313 καὶ
949 1243 1049 1336 doda.
1087 1250 1168 1316 Rem
1189 1256 1298 1315 autem
1320 1248 1447 1314 habebat

307 1371 380 1418 cum
396 1369 435 1417 eo
451 1351 660 1418 celeberrima
674 1353 828 1418 meretrix
839 1352 915 1418 Lais
930 1352 1052 1417 diuitiis
1067 1352 1135 1418 eius
1149 1352 1291 1435 pellecta
1306 1351 1346 1417 cf.
1359 1349 1445 1416 schol.

307 1453 391 1519 Plut.
414 1455 520 1518 u.179
549 1473 581 1536 p.
598 1452 699 1539 334b‚
716 1455 756 1517 30
768 1474 854 1538 sqq.:
885 1450 1075 1538 Φιλωνίδης
1104 1443 1186 1536 ἆνηρ
1213 1473 1266 1527 τις
1292 1436 1332 1537 ἦν
1355 1448 1446 1516 πλοί-

307 1575 397 1634 σιος,
422 1546 552 1628 οὗτινος
574 1546 729 1641 ἀμόρφου
752 1549 849 1630 ὄντος
856 1605 865 1634 ,
889 1551 945 1620 διὰ
968 1549 1010 1617 τὰ
1030 1550 1183 1639 χρήματα
1206 1550 1266 1638 ἐρᾷ
1283 1554 1379 1629 Λαίς
1400 1543 1446 1616 αὖ·

306 1659 380 1736 τοῦ,
409 1651 429 1742 ἡ
461 1651 494 1720 ἒν
523 1658 685 1741 Κορίνθῳ
713 1648 856 1743 ᾀδομὲνη
885 1653 1005 1741 πόρνη.
1054 1656 1200 1722 Acumen
1228 1663 1337 1722 antem
1366 1654 1446 1720 huius

306 1759 555 1842 comparationis
570 1764 638 1824 tum
653 1757 782 1824 demum
796 1759 1067 1843 persentiscimus‚
1091 1777 1163 1823 cum
1184 1761 1371 1842 reputamus
1385 1757 1446 1820 Lai·

306 1860 382 1925 dem
397 1879 439 1925 ex
454 1859 567 1924 Sicilia
581 1860 681 1925 fuisse
697 1859 866 1926 oriundam
887 1865 988 1924 matre
1003 1858 1181 1925 Timandra
1204 1858 1316 1936 (schol.
1332 1877 1363 1924 u.
1375 1861 1445 1939 179),
1493 1861 1496 1894 ’ν

307 1979 404 2043 quam
419 1959 585 2026 dicebatur
600 1958 798 2027 Philoxenus
814 1981 835 2025 a
849 1961 1008 2043 Dionysio
1030 1960 1115 2026 dono
1138 1962 1314 2045 accepisse.
1351 1961 1446 2044 Aptis-

307 2063 388 2129 sime
403 2062 501 2146 igitur
513 2060 625 2160 allusit
637 2061 782 2147 nympha
797 2061 907 2129 Sicula
929 2062 972 2128 ad
994 2061 1170 2128 meretricis
1186 2060 1317 2128 Siculae
1333 2081 1446 2129 amores

307 2165 448 2231 famosos
471 2169 603 2248 propter
624 2163 755 2229 diuitias
778 2162 916 2230 hominis
941 2165 1104 2246 ceteroqui
1126 2163 1210 2229 bruti
1233 2183 1272 2230 ac
1294 2162 1448 2231 libidinosi

307 2265 474 2332 simrdatos
489 2266 540 2342 (cf.
552 2264 671 2349 Bergk.
684 2271 853 2332 comment.
866 2264 907 2331 do
919 2266 989 2330 rell.
1002 2285 1082 2331 com.
1095 2264 1160 2330 Art.
1173 2271 1237 2330 ant.
1252 2287 1284 2350 p.
1295 2267 1449 2349 tddsqq.)·

307 2366 469 2434 Discimus
495 2386 572 2433 uero
596 2387 637 2434 ex
659 2366 721 2434 hoe
742 2366 923 2450 fragmento
945 2367 978 2430 in
1000 2385 1151 2432 scaenam
1179 2366 1341 2450 prodiisse
1364 2368 1448 2435 Gala-

307 2474 409 2550 team,
433 2474 466 2533 ct
486 2467 585 2534 foisse
608 2468 773 2552 dialogum
795 2468 878 2534 inter
899 2474 1075 2535 amatorem
1099 2473 1307 2552 clamatam,
1332 2467 1449 2552 quade

307 2587 343 2634 re
364 2568 398 2633 in
419 2566 592 2635 Philoxeni
615 2567 820 2652 dithyrambo
843 2567 1084 2652 dubitabamus;
1115 2570 1163 2634 sic
1184 2575 1292 2635 autem
1315 2572 1448 2654 exagita-

306 2675 374 2735 tum
397 2686 467 2735 esse
490 2670 643 2752 (lyclopis
664 2667 827 2750 ardorem,
857 2675 892 2734 ut
913 2668 1127 2752 mythicarum
1154 2690 1365 2754 personarum
1386 2692 1449 2738 con·

307 2772 394 2839 dicio
417 2790 489 2838 cum
512 2771 691 2854 praesentis
721 2771 874 2853 temporis
903 2771 1054 2854 uitaeque
1081 2773 1259 2839 rationibus
1288 2790 1449 2858 compone·
1494 2753 1496 2828 Ὗ

306 2880 402 2958 retur,
426 2893 489 2957 quo
505 2873 622 2938 multas
643 2870 773 2938 iocandi
795 2890 890 2936 ansas
913 2872 1037 2939 oblatas
1061 2891 1131 2940 esse
1152 2874 1186 2939 in
1207 2877 1379 2959 propatulo
1401 2879 1449 2940 est.

306 2978 393 3043 Num
409 2976 552 3043 caecatio
575 2975 608 3039 in
630 2973 775 3040 dramate
797 2972 894 3037 fuerit
914 2974 1089 3058 nescimus3
1111 2994 1209 3058 aegre
1224 2996 1303 3043 uero
1318 2976 1362 3042 ad
1388 2976 1450 3040 dra·
1495 2975 1496 3064 l

308 3079 457 3145 maticam
479 3078 640 3144 uodonem
663 3075 946 3143 consummandam
967 3076 1211 3143 desiderabatur
1232 3079 1379 3145 aemulus
1400 3077 1449 3142 ali·

307 3181 379 3262 quis
400 3178 604 3264 Polyphemi,
628 3178 756 3262 qualem
778 3177 909 3245 Ulixem
931 3183 1054 3243 tantum
1076 3176 1183 3244 adhuc
1206 3181 1423 3262 cognorimus.
1495 3253 1497 3312 ἰ

847 3418 867 3492 ξ
889 3418 918 3480 2.

612 3551 669 3616 De
691 3550 940 3636 Antiphanis
963 3550 1152 3634 Cyclope.

393 3683 472 3756 Non,
499 3685 603 3751 minus
637 3686 669 3749 iu
701 3687 842 3752 tenebris
875 3705 1040 3752 uersamur
1072 3684 1201 3751 fabulae
1233 3683 1445 3771 Antiphaneae

308 3782 460 3868 Κύκλωψ
481 3786 655 3870 inscriptae
676 3785 819 3852 indolem
841 3787 1055 3871 instauraturi,
1079 3805 1274 3871 quamquam
1290 3786 1354 3854 duo
1372 3789 1445 3853 certe

307 3889 489 3974 fragmenta
503 3887 601 3973 paulo
614 3886 801 3953 uerbosiora
822 3887 957 3953 indulsit
977 3892 1156 3974 temporum
1175 3887 1329 3956 edacitas.
1367 3887 1446 3966 Quae

308 3992 478 4060 coniuncte
499 3990 607 4057 statim
628 4007 791 4076 apponere
812 3989 928 4073 placet.
981 4049 986 4059 .
