3028 4672
471 214 512 270 Da
529 214 693 286 Bolyphemo
712 219 740 270 et
758 216 879 273 Galatea
1188 221 1248 280 183

98 386 264 472 (Apollod.
281 387 358 454 bibl.
378 388 420 473 Π,
436 393 463 470 1,
476 393 505 470 5,
521 391 569 453 13.
597 389 638 472 Π,
653 392 681 471 7,
694 394 724 472 4,
739 393 767 454 3.
795 391 936 476 111,a,2,
951 394 996 476 1),
1019 398 1054 457 ut
1076 392 1117 458 dc
1138 393 1249 478 inepto

101 489 301 573 syllabarum
326 490 399 555 lusu
426 495 607 573 taceamus,
637 509 732 573 quem
760 493 801 558 ab
828 491 890 559 hae
918 493 1004 559 tituli
1031 493 1249 576 duplicatione

100 589 278 657 abhorrere
299 595 457 674 putamus.
498 589 609 668 Quid?
636 612 742 658 nonne
763 593 873 660 titulus
895 613 966 662 esse
987 601 1114 679 poterat
1132 587 1249 662 'Odoa-

101 687 179 767 σεὺς
209 691 363 767 ναυτίλος
395 693 471 759 item
501 698 598 776 atque
623 685 800 770 Ὀδυσσεὺς
832 693 991 781 ναυαγός,
1024 701 1108 764 totus
1140 681 1256 764 auten

100 791 252 877 Κύκλωψ
279 780 301 879 ἢ
324 784 500 870 Ὀδυσσεὺς
524 795 692 880 ναυτίλος,
720 795 821 864 ueluti
841 797 930 883 apud
951 798 1139 882 Euripidem
1159 819 1190 865 u.
1207 802 1247 864 98

100 895 217 962 Ulixes
232 915 268 961 se
283 896 479 979 comitesque
502 915 584 966 suos¹
598 899 742 983 appellat
764 897 985 975 ναυτίλους
1007 902 1246 986 κεχρημένοοςῗ

101 996 282 1062 Conueniat
295 1004 403 1064 autem
418 1018 491 1064 oum
509 997 571 1064 hoo
589 1005 776 1082 argumento
798 999 886 1084 quod
908 1000 949 1066 de
965 1001 1124 1086 Ναυτίλῳ
1139 1004 1247 1070 Timo-

100 1098 171 1164 thei
194 1099 290 1166 refert
311 1098 496 1166 Athenaeus
517 1100 571 1166 l.l.
594 1100 770 1168 Dorionem
798 1102 937 1168 iocatum
960 1122 1030 1170 esse
1057 1108 1248 1189 tempestate

99 1201 212 1283 ahqua
234 1221 255 1267 a
276 1201 402 1267 Milesio
428 1201 462 1265 in
484 1201 642 1286 Ναυτίλῳ
670 1203 866 1288 descriptaU
894 1205 928 1269 in
950 1205 1016 1271 olla
1037 1205 1191 1272 bulliente
1213 1227 1248 1287 se

99 1303 256 1370 maiorem
271 1302 402 1386 uidisse,
426 1323 498 1368 cum
513 1303 675 1370 Cratinum
691 1325 818 1388 quoque
840 1305 959 1372 similia
980 1307 1014 1372 in
1035 1327 1153 1374 scaena
1174 1329 1247 1395 pro·

99 1404 250 1488 posuisse
264 1403 448 1472 uiderimus.
486 1404 687 1488 Quamquam
704 1407 748 1471 ad
763 1406 939 1490 Nauplium
961 1427 1089 1491 quoque
1111 1409 1248 1493 quadrat

98 1507 302 1588 tempestatis
319 1507 500 1590 descriptio.
533 1507 632 1574 Porro
654 1506 698 1572 ad
713 1507 887 1591 Cyclopem
909 1508 1036 1574 uidetur
1056 1512 1248 1593 pertinuisse

100 1627 190 1673 error
203 1608 323 1691 aliquis
337 1606 497 1674 Timothei
519 1608 561 1674 ab
575 1608 756 1674 Aristonico
771 1608 979 1686 (Aristarcho)
1001 1609 1044 1675 ad
1064 1611 1102 1674 ll.
1114 1611 1172 1694 IX,
1185 1615 1247 1676 219

97 1716 229 1776 noratur
252 1708 381 1792 (Bergk.
397 1709 512 1787 arel:
541 1702 561 1794 ἡ
585 1707 704 1794 διπλῆ,
727 1700 781 1774 ὅτι
803 1712 910 1775 θῦσαι
932 1701 970 1774 αὖ
993 1703 1137 1796 σφάξαι,
1160 1705 1246 1787 eisd

101 1807 277 1893 Τιμόθεος
297 1804 464 1895 ὗνιέλαβεν
485 1813 541 1876 καὶ
566 1809 760 1892 Φιλόξενος,
790 1805 916 1894 ὁμοίως
937 1813 978 1897 τῇ
998 1805 1142 1899 ἡμετέρᾳ
1170 1833 1248 1878 συν-

97 1917 215 2001 ηθείᾳ,
239 1903 324 1976 ἀλλὰ
337 1915 506 1995 θυμιᾶσαι
520 1915 576 1978 καὶ
591 1905 645 1980 ὅτι
659 1909 789 2000 θυηλὰς
810 1910 871 1990 τὰς
894 1908 1121 1996 ἐπιθυομένας
1137 1906 1249 2000 ἀνταρ-

95 2014 170 2098 χάς.
203 2013 375 2082 Philoxeni
389 2022 496 2082 autem
511 2037 613 2101 praua
629 2017 848 2101 interpretatio
870 2017 956 2083 illius
978 2018 1069 2083 uerbi
1092 2035 1154 2099 quo
1175 2037 1248 2100 per-

96 2120 202 2185 tineat
223 2137 296 2183 oum
310 2116 427 2184 Suidas
449 2119 568 2184 indicet
589 2139 613 2185 s.
626 2138 656 2184 u.
673 2115 809 2196 ἐ’θυσας,
826 2109 1000 2201 ἇντιθυοῃ,
1023 2119 1121 2182 etiam
1141 2117 1248 2182 Timo·

97 2221 211 2287 theum
234 2217 348 2284 eodem
370 2219 442 2285 loco
463 2239 617 2302 peccasse
637 2221 708 2286 ueri
729 2221 834 2286 simile
856 2218 916 2285 0d.
933 2218 991 2302 IX,
1003 2220 1080 2282 231:

186 2317 271 2385 ’ἔνθα
294 2316 330 2383 δὲ
352 2320 419 2404 πῦρ
440 2317 577 2406 κήαντες
599 2316 767 2401 ἐθύσαμεν
790 2326 823 2388 et
837 2341 867 2404 q.
884 2341 908 2386 s.

95 2425 243 2506 Uterque
271 2421 356 2486 enim
384 2420 511 2488 uidetur
539 2423 581 2488 de
602 2422 779 2507 pecudibus
807 2421 959 2506 Cyclopis
987 2423 1132 2488 mactatis
1161 2423 1248 2506 cogi·

95 2533 195 2592 tasse.
230 2525 381 2590 Miramur
395 2529 512 2607 autem,
536 2524 622 2607 quod
637 2525 825 2607 interpretes
848 2522 923 2589 huic
944 2525 1084 2607 poemati
1105 2524 1247 2590 nondum

96 2627 303 2694 uindicarunt
331 2645 441 2693 uersus
470 2627 511 2692 ab
538 2625 770 2692 Anaxandride
798 2626 885 2711 apud
913 2624 1030 2691 Athen.
1051 2625 1084 2689 X
1104 2646 1137 2710 p.
1151 2625 1246 2690 4551.

96 2731 147 2808 (fr.
163 2730 214 2806 17)
238 2724 272 2792 ἐν
287 2723 424 2812 Αἰσχρᾷ
446 2729 604 2812 prolatos,
629 2746 709 2810 quos
732 2748 804 2794 cum
826 2727 988 2794 Meinekio
1010 2727 1057 2794 sio
1080 2728 1245 2794 scribimus

178 2821 321 2912 Ἀρτίως
343 2825 543 2916 διηρτάμηκε
563 2829 619 2894 καί
640 2825 683 2892 τὰ
703 2827 764 2911 μὲν
787 2826 919 2913 διανεκῆ

185 2926 341 3012 σώματος
361 2932 443 3016 μέρη
467 2921 623 3013 δαμάζετ’
650 2927 685 2995 ἓν
706 2935 933 3016 ντυρικτίτοισι
952 2930 1028 3014 γᾶς·

188 3028 359 3113 Τιμόθεος
380 3028 444 3117 ἔφη
467 3022 561 3110 ποτ’,
586 3025 717 3116 ἄνδρες,
740 3028 800 3117 τὴν
818 3028 941 3116 χύτραν
964 3023 1060 3111 οἶμαι
1081 3027 1195 3112 λέγων.

95 3134 212 3202 Solent
226 3132 396 3200 Timotheo
410 3134 551 3200 tribuere
571 3134 686 3199 ultima
704 3139 827 3198 tantum
848 3131 948 3197 uerba
970 3127 1003 3194 ἐν
1018 3133 1245 3215 τιυρικτίτοισι

95 3238 173 3320 γᾶς,
196 3234 283 3320 quod
303 3234 385 3302 haec
406 3236 477 3302 sola
498 3235 641 3318 explicat
662 3232 924 3314 Anaxandrides,
946 3232 1004 3298 sod
1025 3231 1119 3299 nobis
1140 3232 1244 3300 ultimi
1339 3227 1342 3234 ’

95 3357 211 3406 uersus
232 3337 313 3403 ratio
336 3356 399 3402 uno
421 3341 530 3403 tenore
552 3336 750 3419 praegressis
773 3334 931 3401 subiunoti
953 3333 1088 3400 suadere
1107 3333 1245 3418 uidetur,

94 3446 133 3506 ut
155 3439 269 3506 horum
291 3439 319 3504 si
340 3457 404 3504 non
424 3443 560 3505 metrum
581 3443 614 3503 et
634 3437 735 3503 uerba
756 3437 829 3520 ipsa
850 3437 966 3520 omnia,
988 3441 1129 3504 atcerte
1151 3457 1244 3522 argu·

95 3549 239 3608 mentum
254 3539 416 3608 Timothei
438 3559 509 3606 esse
531 3559 603 3606 oum
625 3539 780 3623 Bipparto
794 3558 826 3622 p.
840 3541 879 3602 79
902 3542 1087 3604 statuamus.
1123 3539 1245 3606 Referi-

95 3663 170 3710 mus
192 3648 299 3710 autem
320 3640 378 3709 hos
401 3661 512 3709 uersus
534 3641 577 3709 ad
592 3641 769 3726 Cyclopem
784 3641 915 3708 comites
931 3639 1037 3706 Ulixis
1052 3646 1244 3706 mactantem

187 3798 212 3859 1)
229 3791 304 3860 Quae
316 3789 479 3846 Schmidtius
491 3791 509 3845 l.
519 3793 537 3846 l.
550 3808 577 3862 p.
589 3796 637 3847 112
647 3807 687 3859 sq.
715 3789 853 3846 Eustathii
865 3791 935 3856 loco,
951 3789 998 3858 qui
1009 3788 1063 3844 nisi
1074 3788 1245 3843 Athenaeum

96 3877 145 3934 hic
163 3881 302 3932 auowrem
318 3875 401 3932 habet
417 3875 559 3943 neminem,
576 3875 663 3931 frctus
676 3876 709 3932 de
721 3875 915 3931 temactationa
932 3869 1079 3942 (διασκευή)
1096 3871 1170 3938 dicit,
1188 3886 1245 3928 non

94 3961 285 4031 intellegimus.
