2998 4674
306 241 368 300 aso
667 241 799 310 oargrus
816 219 1086 296 meorumnam

306 411 550 498 ἐπιγέγραπται
578 411 615 478 δὲ
637 411 786 495 Κύκλωψ
814 401 835 498 ἢ
858 410 1035 477 Γαλάτεια.
1071 414 1184 494 γέγονε
1211 409 1249 475 δὲ
1276 403 1352 476 κατ’
1377 407 1443 475 ἐπί-

305 507 441 599 γραμμά
461 537 496 580 τι
518 511 746 601 σομφοιτητὴς
762 505 1018 601 Ἐρασιστράτου
1048 510 1165 597 ἰατροῦ
1186 512 1377 599 Μιλησίου,
1405 503 1443 588 ὥς

307 637 392 703 φησι
412 613 593 693 Διονύσιος
620 610 637 681 ὁ
657 607 808 702 Ἐφέσιος
836 613 870 681 ἐν
891 617 933 701 τῇ
955 607 1089 698 Ἰατρῶν
1117 605 1304 700 ἀναγραφῇ.
1347 615 1443 681 Verba

306 715 549 804 ἐπιγέγραπται
572 715 609 782 δὲ
629 716 779 798 Κύκλωψ
800 706 821 804 ἢ
840 716 1016 796 Γαλάτεια,
1040 735 1124 800 quae
1145 737 1210 783 nou
1232 718 1377 784 omnibus
1398 737 1442 782 co-

307 822 433 888 dicibus
462 819 654 888 exhibentur
688 821 815 900 (desunt
842 821 939 886 etiam
965 820 1008 885 ab
1036 819 1248 885 Ambrosiano
1271 820 1346 895 222)
1373 818 1441 883 hIei·

306 923 421 990 nehius
442 923 578 989 sonasse
599 927 673 1005 post
693 913 869 1006 ἀναγραφῇ
888 921 1053 988 reicienda
1074 939 1145 987 esse
1166 921 1223 986 ait
1262 920 1353 987 Unus
1374 921 1441 986 Hel·

306 1025 412 1109 bigius
426 1044 486 1108 pro
500 1023 646 1107 genuinis
660 1022 788 1089 uidetur
802 1022 963 1106 habuisse,
986 1024 1041 1106 qui
1062 1023 1084 1088 l.
1096 1023 1117 1087 l.
1135 1042 1167 1106 p.
1180 1025 1241 1087 362
1259 1022 1348 1088 dicta
1360 1027 1442 1105 putat

307 1127 349 1192 de
363 1145 517 1211 responso
531 1123 656 1190 Niciae.
692 1123 741 1190 Ac
756 1125 921 1192 codicibus
938 1124 1069 1208 quidem
1090 1122 1152 1189 bac
1173 1124 1208 1188 in
1228 1142 1264 1188 re
1286 1142 1350 1188 nou
1370 1123 1441 1188 mol·

305 1235 373 1294 tum
387 1225 601 1309 tribuendum,
623 1246 695 1293 cum
709 1227 862 1293 librorum
877 1227 911 1292 in
926 1225 1158 1310 hypothesibus
1178 1224 1351 1292 auctoritas
1372 1243 1442 1289 non·

307 1329 383 1396 dum
406 1349 446 1396 ea
467 1348 532 1411 qua
552 1349 611 1412 par
634 1335 683 1395 est
703 1326 872 1411 diligentia
894 1329 1062 1412 explorata
1083 1329 1125 1394 sit
1147 1327 1186 1394 cf.
1202 1326 1356 1392 Ahrentis
1374 1324 1441 1390 edit.

308 1431 410 1499 schol?
431 1451 462 1516 p.
478 1429 592 1512 LXVI,
604 1432 633 1495 2.
671 1430 714 1498 Ut
735 1430 901 1496 traduntur
921 1430 1012 1496 libris
1034 1429 1134 1496 uerba
1154 1431 1213 1495 illa
1233 1449 1298 1495 nou
1319 1431 1443 1511 possunt
1484 1512 1485 1520 ρ

306 1533 419 1600 referri
440 1534 503 1600 nisi
524 1532 567 1597 ad
588 1529 793 1620 ποιημάτιον
817 1532 899 1598 illud
920 1532 1034 1598 Niciae
1060 1550 1166 1613 neque
1187 1531 1281 1596 ahter
1303 1529 1443 1596 concludi
1484 1521 1485 1598 λ

309 1655 405 1719 quam
427 1635 595 1718 scripsisse
616 1635 776 1701 medicum
790 1634 950 1701 Milesium
972 1635 1137 1718 epyllinm,
1160 1635 1212 1699 cui
1233 1634 1344 1699 titulus
1366 1637 1442 1698 esset

307 1735 458 1820 Κύκλωψ
478 1724 499 1821 ἢ
516 1733 693 1819 Γαλάτεια,
715 1736 750 1800 id
772 1737 860 1819 quod
874 1737 1044 1821 Helbigius
1059 1735 1225 1804 contendit
1236 1737 1268 1808 ¹).
1304 1734 1349 1800 At
1365 1733 1441 1798 enim

308 1858 407 1922 aegre
432 1838 537 1904 ferunt
565 1837 701 1905 subiecti
728 1839 936 1905 mutationem
964 1841 997 1904 in
1025 1839 1173 1922 sequenti
1200 1837 1300 1903 uerbo
1328 1837 1441 1919 γέγονε,

308 1940 363 2005 obi
378 1937 617 2006 subaudiendus
633 1946 682 2004 est
694 1939 815 2022 Nicias,
838 1940 1046 2007 statuendam.
1083 1940 1198 2006 Nonne
1213 1946 1322 2004 autem
1336 1937 1441 2004 eudem

307 2046 415 2107 manet
433 2039 556 2106 offensa
570 2041 734 2107 eliminata
748 2042 930 2108 seutentIa?
959 2040 1220 2126 quandoquidem
1241 2061 1283 2106 ne
1305 2041 1339 2104 in
1358 2058 1441 2122 prae·

306 2141 492 2209 cedentibus
520 2141 650 2226 quidem
677 2146 800 2218 Νικίας
827 2144 964 2210 subiecti
990 2141 1115 2211 uicibus
1142 2143 1299 2226 fungitur,
1331 2140 1442 2208 sedin

307 2245 468 2310 enuntiato
496 2245 648 2329 primario
679 2242 871 2329 Θεόκριτος,
899 2246 933 2311 in
961 2245 1158 2312 secundariis
1185 2239 1389 2330 ποιημάτιον
1414 2245 1443 2306 et

307 2337 400 2431 ἀρχή.
444 2345 570 2425 Quanto
592 2365 669 2414 nero
690 2347 792 2430 magis
816 2345 884 2413 hiat
905 2367 1030 2431 sensus,
1052 2348 1107 2413 ubi
1128 2367 1200 2414 cnm
1221 2344 1384 2412 Meinehio
1403 2341 1442 2408 ad

305 2448 401 2514 finem
422 2446 612 2532 hypothesis
639 2449 890 2532 relegauerimus
912 2469 952 2517 ea
971 2451 1073 2516 uerba
1099 2456 1174 2515 tuuc
1202 2447 1244 2514 ad
1266 2443 1441 2513 Theocritei

306 2549 414 2633 idyllii
426 2551 553 2615 titulum
568 2550 753 2617 referenda!
782 2550 949 2618 Accedunt
962 2553 1038 2635 alia,
1060 2570 1143 2634 quae
1157 2549 1234 2616 huic
1248 2549 1440 2616 coniecturae

307 2649 457 2717 officiant.
500 2649 711 2717 statuendum
733 2659 801 2718 erat
822 2653 986 2719 Meinehio
1007 2651 1051 2719 ad
1071 2653 1249 2735 marginem
1270 2651 1329 2716 illa
1351 2669 1440 2732 quon-

307 2753 381 2820 dam
395 2752 558 2836 adsoripta
572 2759 686 2836 postea
699 2753 781 2820 falso
802 2755 874 2821 loco
896 2755 1072 2838 irreprrise.
1108 2753 1251 2819 Primum
1273 2772 1339 2819 non
1358 2750 1441 2816 uide

305 2876 393 2939 mus,
416 2875 472 2922 our
494 2874 574 2938 opus
595 2854 691 2921 fuerit
712 2855 791 2921 talia
812 2855 969 2939 adscribi,
995 2875 1067 2922 cum
1089 2874 1195 2938 neque
1216 2874 1344 2941 semper
1363 2851 1441 2919 tituli

307 2959 490 3042 eclogarum
511 2957 632 3041 apertis
659 2957 767 3023 uerbis
789 2958 822 3022 in
843 2958 1039 3040 argumentis
1065 2964 1281 3024 memorentur
1309 2959 1348 3024 of.
1371 2956 1440 3040 hyp.

306 3061 350 3127 id.
365 3059 488 3126 LVIII.
501 3059 560 3124 'III
575 3059 654 3125 XIV
668 3060 710 3125 al.
734 3065 767 3126 et
781 3057 875 3124 huius
889 3057 996 3142 idyllii
1014 3059 1172 3126 indIcetur
1193 3060 1301 3127 uerbis
1323 3060 1440 3141 utrique

305 3162 483 3231 recensioni
512 3163 747 3229 communibus:
780 3154 956 3226 ὑπόκειται
977 3152 995 3223 ὃ
1019 3158 1178 3245 Κύκλωψ.
1222 3161 1349 3230 Deinde
1377 3159 1439 3226 ubi·

307 3283 442 3347 cumque
464 3263 613 3329 laudatur
635 3264 763 3347 titulus,
791 3281 919 3348 semper
939 3263 1008 3329 fere
1028 3269 1157 3330 utuntur
1178 3265 1340 3348 praesenti
1367 3269 1438 3328 tem-

305 3385 394 3450 pore,
416 3386 479 3432 non
501 3367 643 3449 perfecto
654 3367 691 3450 ²),
714 3384 841 3450 semper
862 3365 1022 3432 collocant
1042 3364 1076 3429 in
1098 3366 1203 3449 capite
1225 3367 1322 3432 totins
1344 3365 1437 3448 hypo·

393 3568 418 3628 1)
435 3564 489 3620 Pro
505 3564 595 3620 uerbis
612 3564 719 3622 conith
736 3562 985 3638 ἀντιγεγραμμενον
998 3559 1052 3618 ὑπὸ
1065 3568 1209 3638 Θεοκρίτου
1226 3563 1294 3632 πρὸς
1306 3563 1436 3618 Κύκλωπα

304 3652 358 3706 iam
367 3649 507 3720 crispinus
520 3648 655 3704 coniciens
666 3651 694 3705 in
705 3651 827 3707 Bucolic.
841 3651 904 3707 edit.
918 3653 1016 3705 altit)
1027 3665 1055 3719 p.
1064 3655 1095 3705 75
1113 3644 1200 3722 ἀντιγ.
1211 3648 1296 3721 ὑπὲρ
1308 3645 1437 3702 Κύκλοι·

305 3753 367 3791 ποι
383 3731 466 3806 πρὸτ
485 3730 665 3803 θεόκριτον
682 3734 716 3788 de
728 3735 821 3789 eodem
833 3740 990 3804 argumento
1007 3736 1149 3804 utriusque
1165 3735 1292 3804 poematii
1307 3730 1435 3802 cogitauit.

391 3825 417 3887 2)
435 3819 459 3874 Ε
479 3818 537 3874 cod.
549 3817 646 3873 Medic.
658 3821 689 3871 37
703 3818 840 3887 Zieglerus
857 3819 886 3874 in
897 3820 1012 3876 Theoor.
1022 3821 1063 3876 ed.
1073 3820 1114 3873 111
1130 3837 1157 3889 p.
1170 3824 1217 3875 195
1235 3819 1319 3875 edidit
1335 3821 1362 3874 in
1379 3817 1436 3885 hyp.

303 3907 341 3961 id.
351 3905 405 3960 XII
423 3907 669 3978 ἐπιγέγραπται
685 3906 737 3971 μὲν
747 3901 780 3956 τὸ
792 3900 925 3958 crottam
934 3901 1031 3973 Ἀΐταε,
1047 3905 1094 3960 ubi
1106 3909 1218 3975 propter
1231 3906 1369 3975 sequentia
1380 3917 1437 3973 per-

305 3990 379 4046 fecta
394 3991 471 4061 prius
488 3990 596 4046 uidetur
611 3989 758 4045 inductum.
