3028 4672
466 231 508 286 De
525 230 689 301 Polyphemo
708 235 735 286 et
754 231 874 286 Galatea.
1188 233 1248 292 171

87 415 177 490 tem,
208 411 243 472 ut
271 406 371 472 nostri
400 403 504 470 solent
532 409 717 488 uenatores,
747 407 964 487 uu.214sqq.
1016 405 1146 470 Modum
1173 425 1251 473 uero

88 508 216 576 edendi
233 513 266 574 et
281 506 414 573 bibendi
430 525 494 571 non
508 507 612 589 magis
629 525 726 588 quam
748 506 835 591 apud
851 505 1025 573 Homerum
1049 507 1110 573 scit
1131 511 1250 591 tenere,

90 612 141 676 ita
169 615 206 675 ut
234 628 317 692 quae
346 607 515 674 denotauit
543 627 619 672 mox
642 612 764 673 eructet
793 607 833 673 of.
857 605 918 674 Od.
933 606 992 690 IX,
1009 609 1147 690 313sq.;
1176 609 1250 674 Eur.

92 716 214 793 591sq.
231 711 317 787 (562.
332 711 414 792 523),
437 729 475 774 ao
489 708 618 774 uidetur
634 701 917 774 eonsilium‘nihil
931 700 1147 791 relinquendi’
1159 729 1251 792 prae-

91 815 192 898 cipue
216 811 414 895 Cyclopeum
442 811 541 877 fuisse
571 808 631 877 Od.
650 811 714 894 IX,
731 811 807 892 2923
838 811 912 874 Eur.
932 829 983 875 uu.
1001 811 1073 874 314.
1089 813 1161 874 570.
1178 814 1250 875 575.

91 912 427 981 animaduertendum
448 916 555 977 autem
577 913 610 976 in
632 911 844 996 Polyphemo,
870 911 926 976 ubi
948 911 1085 993 primum
1106 911 1174 976 uini
1195 931 1251 976 no-

91 1017 202 1082 titiam
218 1020 330 1081 nactas
346 1019 404 1097 est,
428 1015 535 1080 statim
550 1005 734 1096 cupidinem
754 1013 988 1080 comissationis
1011 1013 1155 1096 excitari,
1179 1032 1252 1078 eam

92 1119 196 1202 igitur
217 1117 298 1182 meri
319 1117 386 1182 uim
407 1135 574 1199 apparere,
598 1134 681 1198 quae
703 1116 873 1181 rusticitati
896 1122 928 1180 et
949 1115 1099 1181 tumultui
1120 1113 1253 1181 inclinet

90 1221 134 1286 of.
159 1223 221 1282 445
231 1238 279 1301 sq.
301 1221 363 1281 507
373 1235 442 1300 sqq.
466 1218 543 1281 537:

326 1309 464 1403 ἠλίθιος
486 1308 579 1392 ὅστις
600 1314 645 1403 μὴ
668 1312 758 1380 πιών
779 1317 890 1396 κῶμον
914 1316 1022 1402 φιλεῖ,

94 1423 174 1488 dum
189 1426 318 1506 potator
333 1419 443 1485 usibus
459 1418 591 1485 edoctus
607 1417 735 1486 Silenus
751 1419 838 1485 solus
860 1419 923 1483 frui
945 1421 1015 1485 uult
1030 1419 1151 1486 Bacchi
1166 1419 1251 1486 dono

94 1528 170 1589 540.
216 1522 346 1607 Optime
368 1525 475 1586 autem
503 1519 715 1586 immoderata
742 1518 844 1586 libido
874 1521 1012 1586 cernitur
1039 1522 1073 1585 in
1100 1524 1166 1586 toto
1195 1521 1251 1587 illo

93 1623 265 1708 epeisodio
289 1625 444 1705 519sqq.,
468 1622 523 1688 ubi
539 1621 667 1688 Silenus
685 1627 717 1688 et
731 1622 951 1706 Polyphemus
975 1623 1068 1704 quasi
1090 1628 1252 1687 certamen

92 1728 208 1792 ineunt
221 1724 366 1809 potandi.
404 1724 511 1807 Atque
534 1722 585 1789 his
607 1725 641 1788 in
662 1725 757 1791 rebus
781 1723 968 1790 enarrandis
983 1721 1173 1805 Euripidem
1195 1721 1252 1787 ha·

92 1827 205 1893 huisse
235 1845 315 1908 quos
344 1831 531 1908 sequeretur
561 1844 603 1891 ex
632 1826 695 1908 eis,
726 1845 809 1908 quae
837 1826 1089 1909 disputauimus,
1124 1825 1252 1890 elucere

95 1930 276 2012 opinamur,
300 1929 333 1992 in
356 1932 536 2012 satyrorum
558 1927 735 1992 uinulentia
756 1927 923 1994 illudenda
937 1927 1072 1992 fortasse
1087 1925 1250 1991 Aristiam.

95 2029 196 2096 Cuius
218 2029 432 2112 fragmentum
454 2030 482 2094 si
504 2049 602 2112 supra
623 2034 709 2095 reete
738 2029 939 2113 interpretati
967 2047 1090 2110 sumus,
1119 2027 1252 2092 nouauit

93 2130 283 2214 Euripides,
315 2130 402 2212 quod
425 2129 585 2214 Cyclopes
614 2131 681 2195 uini
709 2132 839 2214 ignaros
868 2129 1010 2208 induxit,
1040 2126 1074 2191 id
1103 2125 1190 2208 quod
1220 2133 1252 2192 et

94 2232 226 2305 disertis
256 2231 365 2297 uerbis
393 2236 528 2297 testatur
549 2231 677 2298 Silenus
699 2232 797 2298 illine
824 2233 1040 2313 interrogante
1062 2247 1114 2292 uu.
1130 2229 1191 2291 123
1203 2247 1250 2310 sq.

94 2339 128 2400 et
156 2334 260 2416 ipsius
282 2332 477 2417 Polyphemi
506 2333 635 2398 inscitia
662 2353 714 2398 uu.
737 2335 796 2396 521
808 2352 877 2415 sqq.
907 2331 1142 2416 comprobatur.
1187 2328 1251 2395 Our

93 2455 173 2501 uero
190 2436 362 2500 mutauerit
376 2434 418 2500 ab
434 2435 575 2500 Homero
590 2432 742 2498 traditam
761 2439 794 2498 et
812 2455 833 2498 a
850 2432 1081 2517 posterioribus
1104 2438 1139 2497 ut
1161 2430 1251 2496 uide-

95 2543 147 2602 tur
168 2541 325 2601 retentam
346 2535 619 2617 consuetudinem,
642 2536 675 2599 in
696 2535 867 2620 propatulo
884 2541 948 2602 est:
971 2535 1072 2601 multo
1087 2533 1250 2600 efficacius

95 2637 247 2704 scaenico
268 2643 385 2721 poetae
408 2637 436 2702 is
458 2637 533 2703 uino
557 2636 718 2719 domatur,
748 2637 804 2720 qui
826 2637 896 2702 eius
918 2639 983 2702 uim
1011 2635 1152 2703 nondum
1178 2655 1251 2720 per·

94 2745 240 2825 spectam
265 2737 377 2820 habet,
408 2757 503 2819 quam
532 2739 587 2821 qui
615 2738 749 2804 meliore
772 2743 894 2804 tantum
920 2745 998 2804 nota
1024 2739 1181 2823 pellectus
1203 2737 1250 2801 ni-

94 2843 196 2908 mium
212 2839 370 2905 exhausit.
406 2838 539 2904 Videtur
553 2839 725 2922 Euripides
741 2841 838 2904 etiam
861 2841 895 2904 in
916 2840 1120 2922 possessione
1136 2838 1250 2920 Cyelo-

95 2945 146 3027 pis
170 2942 384 3009 describenda
410 2940 563 3006 nonnulla
591 2961 738 3008 nouasse.
784 2941 864 3007 Oum
886 2942 1028 3006 Homero
1056 2942 1250 3006 conueniunt

95 3044 258 3129 pecudum
281 3042 431 3124 diuitiae,
456 3061 590 3124 quarum
612 3043 704 3108 lactis
728 3049 761 3108 et
783 3062 950 3109 caseorum
971 3042 1078 3122 largas
1100 3042 1135 3104 in
1157 3045 1248 3105 antro

96 3151 243 3214 asseruat
264 3144 390 3228 copias,
421 3144 481 3209 etsi
509 3145 641 3227 paulum
669 3145 836 3209 immutata
858 3150 907 3208 est
934 3161 985 3207 res
1012 3142 1165 3224 pecuaria
1187 3139 1249 3224 Oy·

96 3248 199 3331 clopis
222 3246 340 3328 satyris
366 3244 514 3311 inductis.
560 3243 762 3328 Conspicitur
784 3244 870 3310 enim
891 3242 1112 3327 Polyphemus
1141 3243 1249 3327 potius

95 3349 242 3432 locuples
264 3366 431 3431 possessor
453 3365 549 3430 qnam
578 3345 648 3428 ipse
674 3348 799 3427 pastor,
829 3365 902 3410 oum
930 3347 1047 3429 satyris
1076 3364 1248 3428 eorumque

96 3450 251 3516 ministris
275 3453 316 3523 (u.
334 3450 385 3524 83)
407 3447 563 3532 pascendi
585 3466 699 3512 munus
722 3447 910 3529 imposuerit
931 3448 971 3513 cf.
994 3467 1045 3513 uu.
1062 3450 1112 3512 26.
1130 3452 1167 3510 41
1179 3468 1248 3530 sqq.

98 3555 138 3615 76
146 3570 217 3633 sqq.
230 3549 272 3614 al.
292 3548 401 3615 Sileno
417 3567 495 3616 sene
513 3548 691 3615 domestica
704 3548 834 3630 negotia
849 3548 1090 3616 administrante
1106 3551 1145 3616 cf.
1159 3553 1247 3615 nhil.

95 3653 210 3735 Neque
233 3657 341 3715 tamen
362 3655 534 3734 propterea
556 3671 664 3716 curam
686 3655 783 3734 atque
806 3671 946 3716 amorem
967 3651 1127 3734 pecudum
1150 3651 1248 3734 depo·

95 3755 177 3836 suit,
209 3751 267 3819 sed
289 3753 444 3818 acerrimo
474 3752 581 3819 studio
611 3759 718 3836 oauet,
748 3755 983 3836 nequicquam
1010 3753 1200 3836 neglegatur
1228 3773 1249 3816 a

94 3856 161 3921 leui
186 3859 352 3938 pastorum
382 3859 526 3936 caterua;
557 3861 752 3939 quapropter
780 3855 908 3921 rediens
938 3862 1118 3938 satyrorum
1146 3855 1247 3920 turbis

93 3957 237 4040 aspectis
269 3956 414 4037 increpat
441 3954 563 4021 Bacchi
592 3956 767 4040 discipulos
796 3977 912 4040 magna
944 3956 1165 4038 indignatione
1193 3956 1246 4020 tri-
