3028 4672
311 250 371 308 190
670 247 801 317 Georgius
819 246 954 304 Ricardus
972 245 1091 303 Hollcnd

310 423 412 490 cernit
439 419 599 487 Athenaei
628 418 946 502 inconsiderantiam,
981 419 1068 504 quod
1095 420 1154 486 sub
1185 420 1294 487 Ulixis
1321 441 1444 504 persona

310 531 439 610 poetam
460 523 594 588 latuisse
616 522 703 589 dicit.
740 521 824 588 Nam
851 521 1002 589 debuisse
1027 528 1174 607 poetam,
1205 525 1234 589 si
1256 522 1443 588 fabulando

312 625 455 710 Cyclope
469 623 639 690 Galateam
654 628 781 690 amanto
803 624 845 689 ad
869 643 908 689 ea
929 643 1012 706 quae
1034 625 1104 709 ipse
1127 630 1282 708 expertus
1304 631 1384 690 esset
1401 644 1443 690 ac·

312 725 516 794 commodare
538 726 709 810 noluisset,
740 745 804 790 non
826 726 971 792 omittere
994 745 1066 792 eam
1087 746 1169 810 rem,
1196 745 1280 810 quae
1302 726 1363 809 ipsi
1383 725 1443 790 talis

311 829 459 896 carminis
481 828 538 893 tali
560 826 657 893 modo
680 827 891 911 componendi
914 828 1006 910 quasi
1034 848 1146 894 ansam
1174 827 1361 913 praebuisse
1388 845 1442 892 cre·

311 932 449 1012 deretur,
472 929 530 996 sed
552 917 643 994 suam
664 948 833 1012 personam
855 929 886 993 ei
907 930 1057 1012 tribuere,
1081 949 1177 1013 quem
1201 930 1290 995 fama
1302 927 1441 994 Galateae

310 1039 486 1099 amatorem
507 1030 607 1097 fuisse
628 1030 734 1096 ferret.
779 1030 859 1097 (lum
881 1050 958 1096 uero
980 1050 1152 1114 numquam
1176 1031 1346 1114 quisquam
1366 1027 1441 1095 audi·

310 1135 393 1200 uerit
412 1132 503 1200 Ulixi
530 1133 578 1196 rei
605 1132 775 1214 quicquam
801 1151 874 1197 cum
895 1131 1033 1199 Galatea
1060 1134 1175 1217 fuisse,
1209 1131 1442 1216 exspectandum

309 1235 417 1321 potius
438 1233 588 1300 substitui
608 1234 644 1297 in
666 1234 735 1300 eius
756 1234 862 1300 locum
877 1225 986 1316 Aein’,
1010 1236 1096 1318 quod
1118 1236 1196 1302 fecit
1214 1255 1250 1302 re
1266 1254 1342 1300 uera
1355 1233 1441 1314 Droy·

311 1337 418 1404 senius
440 1336 473 1400 in
493 1335 590 1400 Arist.
606 1334 690 1400 Plut.
705 1335 843 1402 uersion.
866 1356 895 1401 u.
913 1339 985 1417 290,
1007 1337 1159 1420 reprobat
1180 1344 1290 1404 tamen
1310 1337 1375 1401 iure
1394 1352 1440 1398 suo

309 1437 556 1522 Klingenderus.
599 1436 684 1501 Num
707 1437 861 1504 credibile
883 1442 932 1503 est
957 1443 1085 1521 poetam
1115 1439 1184 1506 eius
1213 1457 1379 1524 personam
1403 1436 1439 1498 in·

310 1540 458 1622 duxisse,
487 1558 582 1622 quem
611 1558 689 1605 saxo
718 1539 865 1605 obrutum
887 1537 1088 1622 Polyphemo
1115 1560 1240 1624 poenas
1270 1539 1391 1606 dedisse
1414 1537 1439 1598 in

310 1642 428 1708 fabulis
442 1640 623 1706 Siculorum
639 1640 747 1707 esset?
781 1639 880 1718 Quasi
895 1660 972 1707 uero
989 1642 1160 1725 quicquam
1182 1640 1359 1710 interfuerit
1377 1654 1438 1720 poc-

312 1750 363 1810 tae
389 1762 527 1826 poenam
557 1743 652 1808 istam
680 1761 836 1826 premere.
880 1742 982 1807 Immo
1011 1743 1165 1811 ultionem
1194 1765 1286 1811 suam
1313 1754 1438 1824 premere

310 1844 449 1927 uolebat,
472 1844 557 1908 ultus
579 1849 686 1909 autem
707 1841 942 1927 Polyphemum
965 1845 1052 1910 solus
1075 1851 1123 1911 est
1145 1845 1273 1929 Ulixes,
1295 1863 1356 1909 non
1376 1839 1438 1905 Acis

311 1946 361 2021 (ef.
382 1945 479 2011 etiam
493 1943 588 2027 Bipp.
610 1944 710 2026 praei.
732 1966 764 2029 p.
775 1945 844 2021 IX).
882 1943 952 2010 Hac
975 1950 1060 2012 certe
1082 1947 1115 2011 in
1137 1966 1172 2013 re
1195 1946 1239 2013 ad
1261 1965 1350 2012 suum
1370 1959 1437 2007 com·

310 2045 441 2114 modum
462 2044 607 2130 mythum
628 2050 755 2128 poterat
769 2043 950 2129 deflectere,
973 2047 1000 2112 si
1016 2046 1157 2113 deflexit.
1196 2050 1247 2115 Ita
1269 2053 1371 2114 antem
1390 2047 1437 2108 sta·

310 2151 371 2216 tuit
392 2148 630 2231 Klingenderus
651 2168 684 2231 p.
697 2151 737 2212 55
760 2147 801 2213 dc
823 2152 967 2214 ueterum
995 2149 1161 2232 opinione:
1189 2144 1301 2218 ‘fuisse
1329 2144 1437 2230 quidem

311 2252 463 2319 nonnulla
485 2252 519 2316 in
540 2249 712 2316 Philoxeni
741 2255 890 2334 poemate
911 2249 1075 2334 uidentur,
1105 2269 1189 2334 quae
1212 2258 1245 2319 et
1265 2251 1309 2318 ad
1329 2251 1436 2334 poetam

310 2355 415 2438 ipsum
438 2352 534 2418 etad
557 2353 748 2437 Dionysium
769 2353 981 2437 pertinerent,
1012 2352 1100 2436 quod
1127 2353 1183 2419 ubi
1212 2354 1370 2438 cognitum
1392 2351 1434 2424 ost,

312 2462 413 2522 totum
429 2474 556 2520 carmen
578 2455 621 2520 ad
643 2460 812 2538 tyrannum
834 2454 1034 2521 illudendum
1056 2454 1220 2521 conditum
1243 2475 1313 2522 esse
1335 2451 1436 2530 subque

311 2556 465 2622 fabulosis
487 2556 552 2620 illis
574 2555 697 2638 Ulixis,
720 2555 914 2640 Polyphemi
935 2556 1080 2638 personis
1102 2555 1249 2625 homines
1271 2561 1354 2624 certo
1374 2558 1436 2616 tem·

312 2677 391 2743 pore
413 2675 490 2722 uere
512 2657 658 2723 uiuentes
686 2657 787 2722 latere
809 2656 965 2722 creditum
987 2662 1045 2722 est
1089 2658 1240 2726 Tibicina
1266 2664 1369 2724 autem
1394 2647 1438 2714 illa

311 2759 386 2825 licta
411 2758 540 2824 uidetur
567 2776 654 2840 esse,
683 2763 718 2823 ut
745 2755 900 2824 haberent
927 2777 1010 2841 quae
1033 2758 1188 2826 Galateae
1219 2757 1376 2845 nymphae
1400 2767 1438 2814 re·

312 2849 510 2945 sponderet'.

396 2964 453 3029 Est
474 2981 595 3028 merum
623 2960 903 3028 autoschediasme
931 2962 1032 3050 quod,
1045 2962 1162 3028 dicitur
1191 2963 1388 3031 substitutum
1411 2951 1438 3013 i11

310 3067 417 3132 locum
440 3065 702 3146 testimoniorum,
726 3083 808 3147 quae
827 3064 917 3129 nulla
937 3066 1210 3147 argumentatione
1232 3066 1349 3132 reiecta
1368 3056 1435 3122 sunt·

311 3167 417 3251 Atque
433 3187 488 3234 cur
502 3173 669 3251 tantopere
684 3167 862 3233 inauditum
885 3172 954 3232 erat
974 3166 1119 3232 uellicari
1141 3167 1198 3232 tali
1220 3165 1342 3232 ratione
1356 3157 1436 3240 Syra·

313 3288 501 3335 areanorum
522 3269 715 3353 tyrannum?
748 3269 875 3335 Etenim
890 3288 931 3334 ne
946 3267 989 3334 ad
1003 3268 1129 3352 priscae
1151 3266 1335 3335 comoediae
1356 3259 1434 3325 liber·

313 3375 412 3436 tatem
432 3389 651 3453 prouocemus,
678 3370 804 3437 mediae
826 3390 992 3453 nouaeque
1014 3375 1180 3455 poetarum
1202 3368 1361 3455 proprium
1381 3357 1436 3423 erat

314 3476 462 3536 externos
484 3476 636 3552 tyrannos
659 3474 727 3538 sale
752 3474 942 3557 perfricare,
971 3492 1042 3538 cum
1069 3470 1262 3539 domesticos
1288 3487 1349 3534 non
1375 3475 1434 3544 pos·

312 3577 392 3638 sent.
425 3571 527 3637 Plane
542 3578 649 3638 autem
671 3575 768 3640 simili
789 3574 912 3640 ratione
934 3594 1010 3641 usus
1033 3580 1101 3639 erat
1121 3573 1281 3658 qnondam
1296 3564 1435 3635 Orethus

312 3673 367 3758 qui
382 3673 416 3738 in
429 3672 562 3739 Ncmesi
577 3673 744 3740 comoedia
758 3673 915 3740 Periclem
936 3679 968 3740 et
981 3674 1152 3758 Aspasiam
1176 3672 1356 3742 subdiderat
1375 3675 1434 3745 per·

314 3777 401 3844 sonis
423 3775 510 3841 Iouis
532 3781 564 3841 et
584 3775 732 3841 Nemesis
760 3774 811 3852 (cf.
832 3775 950 3858 Bergk.
967 3782 1135 3842 comment.
1151 3777 1192 3843 de
1207 3777 1275 3842 rell.
1291 3789 1366 3839 com.
1380 3761 1433 3826 Αῒῒ·

313 3884 384 3946 ant.
400 3899 431 3963 p.
446 3877 528 3955 130).
573 3875 748 3944 Statuimus
770 3876 867 3959 igitur
889 3895 928 3943 eo
950 3877 1084 3943 consilio
1107 3876 1321 3963 composuisse
1342 3861 1433 3940 dithl·

312 3980 457 4046 rambum
478 3977 707 4063 Philoxenum,
729 3984 765 4044 ut
786 3979 959 4064 castigaret
980 3979 1180 4064 Dionysium.
