3028 4672
300 252 361 311 188
661 251 793 320 Georgius
812 251 946 308 Ricardus
963 251 1081 306 Holland

297 425 424 492 loxeno.
467 424 571 508 Magis
592 424 714 491 arridet
735 424 821 507 quod
843 422 941 491 habet
963 424 1148 491 Athenaeus
1174 443 1270 507 quem
1298 426 1447 509 plerique

297 528 398 594 secuti
413 532 501 610 suut;
525 526 583 594 sed
598 528 639 593 oh
654 527 690 592 id
705 528 819 610 ipsum,
843 525 929 609 quod
949 527 1043 592 nimis
1065 528 1221 594 concinna
1243 527 1354 594 euadit
1374 549 1447 594 nar-

296 629 395 712 ratio,
426 629 477 694 oui
498 627 625 694 Aeliani
648 627 824 712 sophistica
845 629 1046 695 ratiocinatio
1069 630 1146 713 quin
1173 629 1318 695 adiceret
1347 631 1447 696 uerba

297 721 382 814 παρ’
401 721 496 794 οὐδὲν
510 732 653 812 θέμενος
667 726 726 815 τὴν
742 727 777 794 ἐκ
791 731 971 794 Διονυσίου
994 733 1157 815 τιμωρίαν
1178 729 1234 793 καὶ
1254 729 1446 817 καταδίκην,

297 822 374 896 ἀλλ’
394 827 428 896 ἓν
449 823 532 917 αὐτῇ
552 833 593 916 τῇ
615 833 771 918 συμφορᾷ
792 832 1006 917 μουσουργῶν
1028 825 1045 894 ὁ
1064 828 1245 907 Φιλόξενος
1266 838 1446 918 temperare

296 953 360 1000 non
382 935 496 1018 potuit,
519 935 741 1000 commenticia
755 933 881 1000 uidetur
901 934 999 999 etiam
1020 934 1062 1000 ab
1077 933 1213 1000 Aeliano
1237 938 1325 1019 φασί
1346 937 1445 1001 uerbo

296 1036 463 1118 paululum
485 1035 683 1101 addubitata.
716 1036 825 1102 Potuit
846 1041 953 1100 summ
968 1034 1164 1101 Philoxenus
1186 1037 1366 1119 posteriorc
1389 1038 1444 1102 ali-

296 1157 360 1220 quo
383 1138 470 1203 uitae
493 1143 638 1221 temporo
665 1139 699 1203 in
726 1137 864 1222 patriam
885 1137 1007 1220 redire,
1036 1137 1092 1202 ubi
1119 1136 1251 1203 liberius
1281 1137 1359 1204 odio
1389 1159 1445 1204 suo

296 1237 511 1320 satisfaceret,
540 1259 734 1323 quamquam
757 1259 775 1304 e
797 1238 959 1304 lautumiis
982 1238 1155 1305 Tarentum
1183 1238 1306 1322 fugisse
1329 1240 1446 1307 dioitm

296 1360 317 1405 a
332 1339 433 1405 Suida
451 1360 475 1406 s.
488 1360 518 1406 u.
533 1339 713 1417 Φιλοξένου
728 1336 936 1424 γραμμάτιον
948 1340 998 1416 (of.
1014 1341 1108 1423 Bipp.
1123 1359 1155 1422 p.
1169 1341 1210 1402 27
1225 1340 1335 1406 adnot.
1349 1342 1404 1418 28)
1423 1343 1443 1419 ).

296 1441 484 1528 Composuit
497 1449 605 1508 autem
620 1463 748 1509 carmen
763 1441 850 1508 haud
863 1442 959 1508 dubie
970 1443 1045 1507 aula
1056 1440 1166 1507 Sicula
1180 1442 1302 1507 relicta.
1333 1441 1443 1520 Quid?

297 1544 384 1628 quod
405 1544 591 1612 Athenaeus
612 1545 629 1609 I
650 1566 681 1628 p.
694 1546 762 1610 6ss
780 1543 906 1610 Phania
927 1544 1039 1609 Eresio
1067 1547 1198 1609 auctore
1226 1545 1443 1611 narratiuncu-

296 1649 361 1713 lam
382 1647 480 1714 refert
494 1648 535 1713 de
550 1648 621 1713 ioco
639 1648 747 1730 aliquo
771 1667 877 1712 coram
891 1645 1049 1730 Dionysio
1071 1665 1092 1710 a
1113 1650 1210 1728 poeta
1231 1646 1389 1730 instituto,
1412 1655 1444 1713 ut

295 1750 451 1816 maiorem
472 1750 606 1814 mullum
627 1754 763 1832 manno
785 1749 967 1834 appositum
990 1746 1231 1830 adipisceretur,
1254 1748 1310 1813 ubi
1332 1757 1444 1833 aperte

296 1847 461 1933 profitetur
486 1849 683 1914 Philoxenus
713 1869 748 1915 sc
772 1848 941 1915 Galateam
970 1849 1110 1915 scrihere
1138 1848 1276 1931 ideoque
1306 1870 1326 1914 a
1355 1853 1447 1934 pisce

296 1955 374 2016 natu
394 1951 516 2015 maiore
539 1949 581 2016 de
598 1950 696 2015 Nerei
718 1951 813 2016 rebus
836 1951 951 2016 melius
973 1950 1122 2016 edoctum
1143 1949 1207 2015 iri?
1245 1948 1350 2027 Quam
1371 1974 1442 2020 con-

295 2052 519 2119 tradictionem
541 2057 627 2117 recte
650 2053 800 2135 cognouit
820 2051 1058 2135 Klingenderus
1080 2073 1111 2136 p.
1126 2055 1166 2116 72
1188 2051 1296 2118 adnot.
1310 2056 1366 2137 96,
1392 2056 1440 2139 qui

295 2154 497 2222 Athenaeum
512 2155 618 2238 ipsum
633 2154 695 2220 sihi
711 2173 774 2218 non
790 2159 935 2220 constare
950 2153 1036 2220 dicit.
1072 2153 1215 2238 Sumpsit
1237 2160 1345 2220 autem
1360 2176 1439 2223 oom-

295 2259 414 2342 pilator
436 2256 518 2324 hanc
539 2257 670 2340 quidem
684 2256 836 2322 fabellam
851 2261 887 2321 ut
900 2257 971 2340 ipsc
986 2255 1107 2322 indicat
1122 2275 1164 2321 ex
1177 2241 1438 2339 Phania'luresio,

297 2365 382 2425 certe
410 2379 511 2442 usque
540 2358 582 2424 ad
610 2359 710 2424 uerba
736 2353 796 2442 τὴν
818 2357 953 2443 τρῖγλαν
981 2353 1040 2442 τὴν
1068 2358 1314 2443 παρακειμένην
1344 2352 1438 2444 adop,

297 2461 332 2526 id
355 2460 441 2543 quod
464 2461 696 2526 enuntiatorum
717 2461 799 2526 ratio
822 2458 969 2526 ostendit.
1013 2460 1099 2525 Num
1120 2465 1228 2526 cetera
1250 2479 1378 2544 quoque
1402 2462 1438 2527 ab

298 2561 413 2628 eodem
435 2568 563 2628 auctore
584 2567 744 2626 mutuatus
767 2563 808 2626 sit
829 2561 925 2628 ualde
948 2561 1146 2644 dubitamus,
1172 2562 1320 2643 quamuis
1343 2563 1439 2630 Muel-

295 2665 381 2730 lerus
400 2663 436 2727 ir.
453 2663 526 2729 hist.
539 2662 593 2729 Gr.
609 2663 642 2727 II
657 2663 694 2726 fr.
709 2665 747 2726 13
771 2663 818 2728 sio
832 2662 1010 2745 existimet,
1030 2682 1104 2727 nam
1121 2663 1322 2729 continuatur
1341 2667 1439 2730 oratio

296 2765 460 2832 enuntiato
483 2764 605 2831 directo
632 2783 693 2830 neo
720 2764 862 2845 sequitur
887 2764 1077 2829 indirectum
1105 2770 1279 2848 utsupra,
1309 2765 1366 2832 ubi
1394 2786 1439 2832 se-

296 2869 407 2951 quenti
425 2866 641 2933 enuntiatione
663 2860 722 2928 νὸν
738 2849 794 2928 οὖν
808 2861 988 2930 Διονύσιον
1002 2863 1188 2949 γελάσαντα
1204 2873 1236 2931 et
1251 2886 1281 2950 q.
1294 2887 1320 2933 s.
1344 2869 1439 2934 etiam

295 2989 518 3056 praegressum
542 2961 635 3032 εἶπεν
657 2966 700 3033 ad
721 2967 821 3032 uerba
844 2970 974 3041 Φανίας
996 2971 1098 3054 φησίν
1119 2967 1289 3051 adligatus.
1326 2969 1439 3053 Neque

295 3075 395 3139 ullum
417 3073 605 3155 scriptorem
627 3070 770 3154 potuisse
798 3074 909 3154 aperte
938 3068 1000 3135 sibi
1029 3068 1280 3136 contradicentia
1310 3072 1358 3138 sic
1384 3071 1438 3136 ad·

295 3181 423 3240 nectere
438 3173 521 3240 nihil
535 3173 714 3240 accuratius
730 3169 901 3238 addentem
914 3176 1079 3254 putamus,
1102 3190 1200 3253 quare
1216 3171 1338 3256 ultima,
1357 3191 1437 3255 quae

296 3277 513 3340 testimonium
529 3274 569 3341 de
586 3275 734 3341 carminis
750 3274 873 3357 origine
892 3273 1062 3356 continent,
1085 3271 1230 3338 Phaniae
1252 3273 1437 3358 abroganda

297 3395 368 3442 esse
391 3395 555 3442 censemus
563 3379 603 3459 ²),
632 3395 825 3459 quamquam
853 3372 935 3440 haec
956 3375 1101 3457 quaestio
1123 3394 1187 3440 non
1208 3375 1297 3459 prius
1320 3375 1436 3442 diiudi-

383 3580 406 3642 1)
424 3575 493 3631 Vide
506 3577 585 3631 etium
598 3574 828 3630 Schneidewinum
839 3573 922 3629 Nunt.
936 3575 1009 3630 Gott.
1023 3590 1048 3629 ο.
1058 3578 1123 3630 1844
1135 3590 1162 3642 p.
1172 3577 1246 3641 1378,
1258 3575 1305 3643 qui
1316 3590 1367 3645 pro
1379 3589 1435 3630 uer-

296 3661 338 3716 bis
355 3661 392 3712 sis
408 3658 443 3712 τὰ
460 3658 508 3728 ὅρη
525 3660 585 3712 τῶν
603 3656 745 3729 Κυθήριον
763 3659 862 3713 conicit
879 3660 927 3712 uit
942 3659 982 3711 τὰ
999 3664 1079 3728 περὶ
1096 3655 1266 3727 Κρότωνα.

381 3748 407 3810 2)
424 3745 516 3800 Possit
532 3744 665 3814 quispiam
683 3743 802 3810 cogitare
820 3743 909 3796 omnia
926 3757 960 3797 ex
977 3742 1082 3798 Phania
1105 3747 1213 3812 sumpts
1234 3757 1308 3808 esse,
1333 3743 1381 3798 sed
1399 3743 1434 3797 di-

296 3831 382 3888 uersis
404 3845 438 3885 ex
459 3828 550 3896 libris3
574 3845 607 3886 ao
628 3826 718 3896 potuit
738 3840 805 3882 sane
821 3825 934 3882 Erosius
955 3824 1063 3881 easdem
1086 3843 1130 3884 res
1151 3828 1193 3883 his
1216 3831 1341 3895 tangere,
1367 3826 1434 3898 quod

295 3918 375 3972 stiam
387 3914 536 3972 Muellerus
552 3915 571 3968 l.
581 3913 599 3968 l.
618 3911 731 3978 monuit,
748 3912 776 3966 in
793 3911 862 3967 libro
881 3916 943 3982 aspi
959 3911 1019 3965 τῶν
1031 3913 1061 3966 tv
1074 3911 1184 3979 Σικελίᾳ
1201 3908 1347 3982 τυράννοιν
1364 3912 1433 3968 etin

293 4000 369 4058 libris
387 4007 449 4068 περὶ
467 4000 598 4068 ποιητῶν.
