3028 4672
474 303 517 357 Do
534 303 699 374 Polyphemo
717 310 746 359 et
763 305 885 360 δαίουσα.
1196 309 1257 370 159

96 475 213 560 φορᾶς
234 473 418 558 κωμῳδιῶν
440 495 472 559 p.
488 475 578 558 XIII,
593 477 711 560 35sqq.
728 477 853 544 Duebn.
870 477 958 561 dicit,
982 500 1054 545 oum
1076 483 1183 566 prisea
1207 504 1257 550 oo-

95 576 233 642 moedia
247 577 436 694 pertinuerit
448 575 491 642 ad
505 577 687 643 irridendos
703 578 826 646 iudices
842 585 875 645 et
888 585 1053 662 praetores
1070 587 1102 647 et
1112 583 1257 664 plebem:

96 676 226 762 παρεὶς
247 700 265 741 ο
255 667 531 763 Αριστοφανης
547 701 606 742 του
593 674 780 764 συνήθως
802 671 1010 764 ἆπυσκαῖψαι
1033 679 1146 747 διὰ
1111 705 1169 747 τον
1191 707 1258 748 πο-

98 776 160 842 λδν
184 775 303 864 φόβον,
325 775 515 843 Α’ίολον
479 801 517 843 το
542 777 662 861 δρᾶμα,
685 777 723 845 τὸ
723 779 873 897 γραφὲν
894 794 967 859 τοῖς
987 781 1188 869 τραγῳδοῖς,
1212 779 1259 861 ὡς

96 881 211 955 κακῶς
233 877 307 960 ε’χον
330 878 491 966 διασύρει.
525 882 677 957 τοιοῦτος
700 865 758 946 οὖν
781 877 911 947 ἐστινς
894 907 911 948 ο
935 905 995 969 της
1015 887 1118 972 μέσης
1138 909 1257 971 κωμιμ-

97 981 179 1058 δίας
200 978 369 1061 τύπος,ο
352 974 464 1057 οἶός’
449 1003 540 1047 εστιν
563 1006 580 1047 ο
570 976 820 1048 ‘Autonoes
842 975 1106 1073 Ἀριστοφάνους
1132 988 1188 1052 καὶ
1217 987 1258 1054 οἱ

90 1077 312 1159 Ὀδυσσεῖς
340 1069 551 1169 Κρατίνου
582 1083 639 1147 καὶ
669 1083 814 1150 πλεῖστα
841 1087 909 1151 τῶν
937 1087 1094 1154 παλαιῶν
1128 1087 1257 1176 δραμά-

94 1211 169 1252 των
200 1209 276 1250 ουτε
300 1183 418 1272 χορικδι
450 1208 525 1250 ουτε
554 1182 815 1271 παραβάσεις”
798 1211 923 1268 εχυντα.
964 1211 995 1275 p.
1016 1191 1103 1275 XIV,
1120 1194 1256 1276 67sqq.:

97 1279 287 1354 ἀνεύθυνον
308 1284 426 1404 γὰρτὸ
444 1288 606 1367 τοιοῦτον,
631 1284 703 1352 οἷον
726 1281 903 1375 διασύρει
902 1283 1038 1378 Όμηρον
1061 1290 1202 1358 εἰπόντα
1223 1317 1258 1359 τι

95 1416 119 1474 η
139 1413 200 1455 τον
216 1388 309 1454 δεῖνα
327 1391 385 1475 τῆς
406 1387 594 1475 τραγῳδιας
616 1387 942 1475 memoriaemartino
965 1390 1002 1456 δὲ
1025 1391 1179 1479 δράματα
1200 1398 1256 1460 καὶ

97 1489 135 1557 ἓν
150 1515 191 1576 τῃ
178 1489 340 1577 παλαιᾷ
353 1489 524 1578 τραγῳδίᾳ
539 1488 629 1556 ε’στιν
645 1484 762 1574 εδρείν,
786 1477 873 1578 α’περ
888 1491 1108 1560 τελευταῖονέ
1093 1491 1255 1584 ἒδιδαχθη

97 1590 224 1658 λοιπὸν
245 1594 305 1678 τῆς
333 1584 524 1677 ὀλιγαρχίας
552 1595 804 1679 κρατυνθείσης.
850 1591 888 1657 oi
916 1590 991 1679 γὰρ
1016 1587 1257 1675 Ὀδυσσεῐς

96 1698 312 1777 Κρατίνου
342 1686 556 1769 οὐδενὸς
543 1717 639 1758 επιτ
648 1698 792 1780 ίμησιν
826 1691 983 1775 ἔχουσι,
1019 1695 1256 1781 διασυρμδν

99 1796 143 1861 δὲ
167 1797 238 1881 τῆς
256 1787 496 1870 Ὀδυσσείας
523 1795 589 1859 καὶ
609 1788 793 1882 Ὁμήρου.
830 1796 992 1880 Colligere
1014 1805 1121 1866 autem
1143 1820 1255 1884 possu-

97 1917 174 1965 mus
196 1918 239 1963 ex
262 1896 323 1964 hoo
345 1897 543 1963 testimonio·
558 1899 743 1982 terminum,
774 1904 848 1981 post
876 1917 970 1981 quern
1000 1899 1083 1966 hano
1112 1903 1255 1969 fabulam

99 2002 170 2084 egit
192 1998 354 2082 Cratinus,
377 2019 495 2064 annum
518 1997 567 2066 01.
585 2001 665 2084 85,1
683 2031 725 2050 =
741 2002 814 2082 440,
838 2021 909 2067 oum
933 2021 971 2068 eo
994 2003 1183 2086 Moryohide
1206 2025 1255 2070 ar-

98 2102 219 2168 chonte
248 2100 329 2166 illud
359 2097 522 2186 ψήφισμα
552 2101 632 2184 περὶ
664 2102 724 2166 τοῦ
752 2097 797 2187 μὴ
826 2100 999 2186 κωμῳδεῖν
1028 2099 1065 2177 ἐξ
1091 2096 1256 2185 ὀνόματος

99 2207 204 2270 latum
235 2221 306 2269 esse
336 2221 377 2268 ex
405 2203 505 2269 sohol.
527 2203 624 2270 Arist.
647 2203 727 2269 th.
746 2206 828 2268 1150
851 2205 924 2270 ooll.
940 2207 981 2266 67
1004 2209 1135 2270 oonstet.
1180 2205 1256 2270 Fuit

98 2307 202 2390 igitur
218 2303 339 2370 Cratini
360 2305 470 2370 fabula
492 2296 892 2388 διαοορμδςὈδυοοείας,
915 2305 973 2372 sed
996 2311 1148 2388 quantum
1170 2307 1254 2389 frag-

98 2413 212 2474 menta
226 2411 448 2489 argumentum
463 2406 635 2474 ostendunt
656 2405 784 2471 uidetur
805 2406 904 2471 fuisse
926 2411 1049 2471 tantum
1072 2403 1255 2492 διασυρμδς

98 2509 334 2582 Κυκλωπείας.
371 2508 486 2591 Neque
508 2513 625 2591 tamen,
649 2507 683 2572 id
706 2506 793 2589 quod
815 2508 880 2572 iarn
902 2506 1028 2589 pridem
1049 2515 1254 2593 perspectum

99 2617 161 2694 est,
184 2609 334 2676 Cratinus
355 2609 532 2675 Homerum
554 2615 589 2675 ut
609 2615 739 2693 poetam
761 2609 892 2692 oblique
913 2610 1102 2693 perstrinxit
1122 2617 1256 2694 propter

97 2730 237 2797 prauum
260 2709 401 2776 studium
423 2716 455 2775 et
476 2712 631 2778 insulsam
652 2717 910 2795 argumentorum
939 2713 1178 2797 tractationem,
1208 2715 1254 2778 uti

99 2813 216 2880 oomiei
239 2810 426 2894 Euripidem
449 2813 695 2896 oastigauerunt‚
719 2813 777 2879 sed
799 2833 883 2896 quae
905 2814 1075 2896 posteriori
1097 2814 1196 2879 aetati
1218 2815 1252 2878 in

99 2917 187 2982 bono
202 2913 344 2979 Homero
360 2912 498 2978 ridicula
511 2914 705 2980 uidebantur
720 2915 872 2998 oaptauit,
895 2934 1132 2997 nonnumquam
1156 2914 1252 2978 etiarn

100 3013 245 3081 εἰπόντα
262 3037 297 3078 τι
317 3014 485 3080 uellioauit
505 3015 551 3081 ita
573 3021 689 3098 tamon,
713 3022 748 3082 ut
770 3016 919 3098 dignitati
941 3001 1024 3082 uatis
1048 3015 1149 3079 diuini
1171 3014 1254 3079 nihil

40 3169 56 3194 .
98 3115 295 3184 detraheret.
332 3115 435 3182 Huius
453 3117 501 3181 rei
521 3122 640 3183 reotam
656 3117 910 3200 intellegentiam
925 3117 1052 3199 aperuit
1063 3114 1252 3182 Welekerns

99 3218 143 3285 de
165 3216 280 3302 Epioh.
303 3236 335 3299 p.
349 3219 407 3281 321
419 3237 477 3301 sq,
501 3218 619 3284 deinde
642 3219 709 3301 egit
730 3218 772 3283 do
794 3216 856 3283 hoo
878 3216 1047 3283 oomoedia
1068 3217 1156 3282 felioi
1179 3238 1253 3284 aon·

98 3320 188 3385 mine
210 3319 370 3401 Bergkius
392 3320 426 3384 in
449 3325 617 3386 oomment.
641 3319 681 3384 de
701 3319 771 3383 rell.
792 3338 870 3385 eom.
886 3318 951 3399 Att.
967 3323 1032 3384 ant.
1054 3340 1086 3403 p.
1102 3323 1158 3384 141
1170 3339 1252 3405 sqq„

98 3421 158 3505 qui
171 3440 278 3504 pauoa
291 3421 421 3503 reliquit
436 3420 587 3487 addenda
601 3421 763 3486 Meinekio
780 3425 812 3486 et
826 3418 964 3486 Kooki0.
999 3421 1073 3487 Non
1090 3423 1124 3487 in
1144 3423 1252 3489 animo

98 3529 152 3590 est
173 3522 371 3604 singulorum
392 3523 640 3608 fragmentorum
663 3521 774 3589 sedem
795 3521 960 3604 indagare,
984 3542 1048 3606 qua
1070 3524 1103 3589 in
1125 3544 1160 3590 re
1182 3525 1252 3608 plu-

96 3625 184 3690 rima
205 3642 464 3705 reooqueremus:
496 3643 578 3707 quae
600 3623 643 3688 ad
664 3643 836 3708 personam
860 3623 1011 3707 Cyclopis
1041 3626 1252 3692 excolendam

96 3725 503 3807 faoienttinuestigabimus
518 3732 741 3808 argumentum
762 3726 891 3792 fabulae
914 3726 969 3792 ubi
992 3747 1072 3810 opus
1093 3729 1147 3794 uel
1170 3728 1251 3793 fruo-

95 3832 227 3892 tuosnm
249 3832 298 3891 est
318 3831 496 3909 tangentes.

188 3926 324 3993 Videtur
344 3927 456 3992 fabula
484 3947 600 3994 exorsa
629 3947 700 3996 esse
729 3929 770 3994 ab
789 3899 929 3994 Ὀδυοσέ
914 3928 1029 3994 ί.ων1]
1047 3950 1074 3995 e.
1091 3929 1253 3996 Ulixiset

95 4029 262 4096 sooiorum
283 4029 317 4093 in
339 4026 516 4111 Cyelopum
537 4031 676 4096 insulam
698 4030 856 4114 aduentu,
887 4049 983 4112 quam
1008 4048 1083 4094 uum
1105 4028 1250 4095 Siciliam
