2998 4674
278 251 340 308 256
641 248 772 314 Georgius
790 247 923 302 Ricardus
940 246 1057 302 Helland

204 465 208 472 ·
279 426 393 489 timore
415 423 576 505 perterriti
597 421 723 504 fugiunt
743 421 820 486 Acis
843 425 875 485 et
897 418 1042 485 Galatea.
1066 451 1107 462 —·-
1135 415 1226 494 Quae
1250 414 1428 498 descriptio
1484 413 1485 494 ἶ

279 526 432 591 siminus
455 523 583 607 arridet,
607 545 670 590 non
692 530 759 589 tota
782 529 830 589 est
853 523 948 606 culpa
961 520 1110 602 Nasonis
1133 525 1244 603 utpote
1263 518 1328 600 qui,
1352 537 1428 584 cum
1484 511 1485 600 l

277 627 390 693 Acidis
412 627 512 691 fatum
533 633 714 692 narrantem
736 626 857 691 iaceret
876 624 1043 690 Galateam
1066 621 1281 702 terribilisque
1304 621 1428 685 aemuli
1484 605 1485 672 l

170 729 174 742 ’
278 729 412 796 insidias
434 735 689 813 persequentem,
713 729 790 793 artis
808 727 941 792 oonsilio
964 730 1126 810 permotus
1147 745 1211 789 non
1233 725 1340 807 potuit
1362 742 1429 786 non

278 851 459 916 supponere
475 833 506 897 ei
521 832 697 896 orationem
709 829 839 894 inuidia
859 828 969 911 aliqua
992 828 1218 893 exacerbatam
1240 826 1291 901 (cf.
1306 825 1427 890 Neder.

361 1036 475 1116 Neque
491 1032 673 1099 Theocritei
689 1033 809 1114 ingenii
825 1033 1013 1096 tenuitatem
1028 1031 1218 1113 aequiperat
1228 1027 1428 1112 Polyphemi

277 1138 437 1202 cantilena
453 1134 622 1201 Ouidiana.
655 1135 730 1199 Non
745 1133 945 1199 desideratur
966 1133 1139 1199 artificiosa
1156 1133 1315 1214 quaedam
1340 1153 1428 1198 oom-

276 1241 394 1324 positio
424 1239 571 1320 quamuis
600 1258 672 1303 cum
701 1237 840 1302 bucolici
865 1237 1005 1302 formosa
1034 1236 1262 1321 perspicuitate
1292 1235 1428 1300 minime

277 1340 502 1426 comparanda.
551 1339 710 1405 Numeros
740 1341 907 1405 enucleare
938 1338 1198 1424 supersedemus:
1231 1338 1427 1422 respiciatur

276 1444 489 1508 adlocutionis
505 1443 636 1527 eopiosa
650 1463 702 1507 ars
717 1462 780 1507 non
796 1442 898 1507 solum
911 1441 1078 1506 abundans
1093 1440 1308 1524 epithetorum
1330 1441 1427 1506 uber-

276 1552 359 1625 tate,
383 1545 441 1610 sed
463 1546 634 1610 uerborum
659 1544 869 1610 collocatione
892 1546 1071 1626 gratissime
1094 1545 1222 1608 uarians
1245 1543 1425 1607 orationem

276 1647 374 1712 modo
396 1647 489 1712 binos
513 1647 746 1731 comparatiuos
776 1647 910 1730 singulis
940 1647 1086 1712 uersibus
1116 1645 1297 1728 copulando
1326 1645 1427 1710 modo

276 1750 368 1814 binas
384 1769 435 1814 res
452 1757 662 1833 comparatas,
685 1770 768 1814 nunc
783 1749 1007 1834 anteponendo
1022 1749 1208 1813 attributum
1229 1767 1314 1812 nunc
1336 1754 1426 1831 post·

276 1851 425 1934 ponendo
441 1871 524 1916 nuno
539 1852 780 1935 interponendo.
817 1853 890 1916 Duo
905 1870 1015 1916 uersus
1031 1849 1182 1935 Cyclopis
1204 1850 1426 1918 laudationem

276 1951 465 2017 incohantes
487 1952 549 2015 808
562 1973 608 2035 sq.
632 1955 827 2038 respondent
849 1953 974 2019 dnobus
997 1954 1050 2035 qui
1073 1954 1294 2018 inuitationem
1323 1956 1425 2020 conti·

275 2061 353 2120 nent
375 2055 436 2118 838
445 2074 491 2137 sq.
529 2055 617 2120 Bene
640 2056 673 2120 in
695 2057 864 2121 uerborum
889 2056 1099 2121 collocatione
1115 2057 1319 2138 symmetriea
1334 2056 1425 2122 Naso

277 2158 509 2242 exemplarium
526 2157 720 2223 Graecorum
736 2179 828 2224 usum
851 2159 1044 2240 obseruandi,
1068 2159 1241 2242 praecipue
1258 2156 1422 2223 Theocriti

277 2260 391 2325 eadem
413 2261 504 2324 initio
527 2280 677 2326 uersuum
703 2267 851 2345 repetens
880 2260 1039 2326 uocabula
1068 2260 1106 2324 of.
1128 2251 1227 2325 ‘sunt'
1254 2261 1326 2326 810.
1351 2263 1420 2324 813.

277 2363 339 2424 814
355 2361 502 2436 (Theoor.
516 2363 575 2445 XI,
587 2365 727 2446 45sqq.).
745 2366 806 2426 827
814 2383 861 2445 sq.
875 2355 966 2428 ‘iam'
986 2364 1047 2427 838
1057 2383 1103 2444 sq.
1127 2364 1180 2428 uel
1195 2363 1287 2427 initio
1304 2367 1336 2426 et
1350 2367 1422 2446 post

278 2483 443 2529 caesuram
459 2466 718 2547 semiquinariam
736 2466 879 2532 eiusdem
895 2486 1005 2532 uersus
1028 2458 1067 2530 ci.
1084 2468 1145 2528 822
1168 2465 1222 2530 nel
1239 2467 1423 2550 praegressi

276 2585 328 2629 nu.
352 2568 490 2649 812sqq.
508 2570 565 2630 821
577 2587 623 2649 sq.
641 2571 758 2650 847111.
781 2571 834 2634 uel
858 2570 1018 2651 sequentis
1041 2588 1092 2633 uu.
1110 2569 1224 2650 815sq.
1255 2568 1308 2632 nel
1331 2570 1423 2633 initio

276 2688 387 2733 uersus
412 2674 538 2752 etpost
560 2689 725 2734 caesuram
750 2671 931 2736 bucolioam
953 2691 982 2734 u.
1000 2672 1071 2732 819.
1114 2670 1308 2752 Adaequare
1336 2677 1425 2735 amat

277 2772 332 2852 qui
356 2771 441 2836 canit
463 2789 534 2836 oum
557 2771 661 2853 gratia
683 2772 823 2852 quadam
845 2793 994 2838 uersuum
1017 2774 1122 2838 exitus
1146 2773 1184 2838 ef.
1202 2774 1262 2835 827
1272 2792 1336 2854 sq:

431 2877 519 2954 sunt,
542 2873 645 2938 fetura
667 2874 785 2957 minor,
808 2874 926 2958 tepidis
948 2875 980 2938 in
1004 2875 1142 2940 ouilibus
1164 2875 1255 2958 agni,

431 2982 504 3042 sunt
526 2995 668 3060 quoque,
691 2997 750 3061 par
771 2982 877 3058 aetas,
900 2977 973 3042 aliis
995 2978 1029 3041 in
1051 2976 1189 3042 ouilibus
1212 2974 1320 3041 haedi.

277 3081 338 3142 834
347 3099 408 3162 sq:
431 3079 539 3144 inueni
562 3079 722 3163 geminos,
746 3081 801 3161 qui
823 3085 928 3146 tecum
950 3078 1061 3146 ludere
1083 3079 1220 3162 possint,

429 3182 511 3247 inter
533 3201 567 3247 se
590 3182 726 3266 similes,
750 3183 806 3247 uix
828 3187 863 3246 ut
885 3182 1074 3264 dignoscere
1097 3183 1217 3264 possis,

276 3283 328 3358 (ef.
340 3284 440 3348 Korn.
456 3283 499 3349 ad
514 3284 544 3348 h.
558 3284 602 3359 1.).
636 3285 867 3367 Argumentum
883 3284 1063 3349 cantilenae
1075 3283 1250 3348 amatoriae
1267 3284 1420 3350 sollemne

277 3390 443 3467 astatque
465 3386 609 3468 singulae
632 3392 740 3470 partes
770 3407 812 3453 ex
841 3387 997 3452 constanti
1026 3405 1085 3451 usu
1113 3404 1295 3470 expressae.
1340 3388 1419 3452 Tam

277 3491 387 3568 aperte
407 3506 483 3551 uero
505 3494 690 3571 repetuntur
712 3490 888 3555 sententiae
903 3486 1125 3569 Theocriteae,
1148 3492 1182 3551 ut
1203 3488 1278 3552 ilico
1302 3489 1420 3554 similia

276 3587 366 3651 iuxta
388 3606 507 3670 ponere
529 3589 630 3654 satius
653 3591 709 3672 sit,
738 3610 931 3674 quamquam
961 3589 1001 3654 de
1031 3589 1170 3654 fontibus
1200 3591 1418 3672 quaestionem

275 3694 389 3774 postea
411 3688 537 3772 plenius
560 3691 766 3758 tractabimus
780 3697 811 3767 ¹).
850 3692 907 3757 Est
928 3698 1035 3757 autem
1058 3691 1236 3757 uerbositas
1260 3690 1419 3759 Ouidiana

276 3925 375 3993 critus3
402 3940 453 3979 nec
470 3924 593 3991 defuere,
617 3925 662 3995 qui
680 3924 777 3979 similia
795 3926 962 3980 conferrent:
985 3925 1148 3980 nouissimus
1171 3926 1279 3979 uidetur
1297 3944 1358 3982 esse
1376 3928 1416 3996 qui

276 4025 363 4076 nuper
379 4010 498 4063 innotuit
514 4011 569 4066 Ioa.
584 4011 668 4066 Andr.
680 4010 826 4065 Washietl:
845 4010 879 4064 de
894 4011 1111 4066 similitudinibus
1128 4011 1344 4081 imaginibusque
1355 4013 1414 4066 Oui-
