2998 4674
285 249 346 308 238
649 248 783 316 Georgius,
795 246 930 302 Ricardus
948 245 1066 300 Hollaud

284 421 490 487 Theocritum
516 441 672 504 nusquam
701 440 868 505 caprarum
891 419 1042 503 Cyclopis
1070 418 1189 483 mentio
1218 418 1307 482 facta
1336 422 1427 482 esset.

285 523 381 590 Solae
404 524 488 588 enim
512 528 799 589 commemorantur
820 515 888 596 οἶες
909 521 964 604 VI,
979 523 1027 584 10.
1043 523 1073 585 6.
1089 521 1140 584 21.
1156 521 1207 584 28.
1235 519 1294 602 XI,
1314 521 1363 592 12.
1381 523 1429 601 74,

283 627 324 692 ab
339 627 444 709 iisque
458 625 660 709 potissimum
675 629 861 690 ornamenta
877 624 1054 690 cantilenae
1075 622 1157 706 petit
1176 627 1296 706 pastor,
1320 623 1431 704 qualia

283 727 384 793 habes
406 727 464 809 XI,
481 730 531 791 24.
548 730 598 792 20.
634 727 740 792 Boues
762 727 943 809 uitulosqne
966 746 1039 792 eum
1061 724 1211 790 habuisse
1233 745 1298 789 non
1320 744 1428 789 neccs-

283 831 367 895 sario
391 849 433 894 ex
454 828 497 894 id.
513 829 571 912 XI,
587 832 624 892 21
644 830 795 912 sequitur.
828 828 962 894 Videtur
984 827 1203 893 contradicere
1225 827 1316 892 locus
1332 827 1389 909 VI,
1403 831 1430 910 7,

283 931 338 996 ubi
367 932 531 1016 caprarius
558 931 740 1015 appellatur
768 951 788 995 a
813 929 951 996 Galatea
976 928 1213 1012 Polyphemus3
1242 949 1306 994 nou
1335 931 1430 1007 serio,

283 1033 341 1098 sed
362 1034 494 1099 uellicat
515 1052 652 1103 eumex
674 1049 761 1098 more
783 1032 937 1114 pastorali

501 1133 671 1219 δυσέρωτα
692 1134 748 1198 καὶ
770 1130 914 1197 αἰπόλον
938 1127 1042 1218 ἄνδρα
1064 1134 1207 1198 καλοῦσα

284 1243 315 1302 et
329 1237 484 1320 pastorali
499 1257 646 1303 sermone
660 1257 728 1321 usa,
750 1238 865 1317 inquo
888 1237 1028 1320 caprarii
1050 1236 1134 1301 male
1156 1235 1334 1302 audiebant
1357 1256 1430 1301 con-

283 1338 395 1421 tempti
418 1358 496 1423 prae
518 1339 665 1405 bubulcis
687 1344 720 1405 et
742 1339 936 1422 opilionibus
959 1339 999 1403 cf.
1017 1338 1061 1403 id.
1077 1338 1103 1422 I,
1121 1341 1170 1402 86.
1205 1336 1355 1404 Ceterum
1378 1337 1430 1404 hic

283 1439 489 1523 corrigendus
506 1447 555 1507 est
570 1462 657 1508 error
671 1441 837 1525 Meinekii,
860 1443 915 1524 qui
931 1440 975 1506 ad
989 1440 1125 1507 Theocr.
1141 1440 1184 1505 id.
1198 1439 1251 1523 VI,
1265 1445 1282 1503 7
1299 1441 1333 1505 in
1349 1461 1429 1506 uoce

284 1539 427 1606 αἰπόλον
442 1550 614 1628 propterea
628 1545 741 1609 uitium
756 1545 857 1609 latere
875 1543 986 1626 credit,
1010 1542 1096 1625 quod
1115 1536 1295 1625 ‘nusquam
1318 1561 1429 1624 quam-

282 1667 379 1729 quam
395 1645 553 1712 Homerus
576 1649 671 1712 etiam
694 1666 808 1730 capras
830 1646 912 1711 inter
934 1645 1113 1729 Cyclopum
1134 1665 1249 1728 greges
1271 1650 1429 1727 numeret,
1493 1683 1494 1721 3

281 1768 386 1830 neque
408 1748 602 1830 reliquorum
623 1754 791 1832 poetarum
813 1749 983 1830 quisquam
1004 1767 1109 1829 neque
1123 1746 1316 1814 Theocritus
1331 1747 1429 1830 Poly-

281 1848 433 1934 phemum
456 1852 635 1934 caprarium
658 1840 816 1933 inducat',
839 1870 911 1914 cum
933 1850 1123 1933 praesertim
1142 1843 1188 1914 ‘in
1206 1849 1429 1933 praecedenti·
1493 1887 1494 1894 ν

281 1952 341 2016 bus
370 1951 489 2016 dixerit
517 1951 686 2044 Galateam
714 1951 907 2036 Polyphemi
938 1971 1015 2017 oues
1047 1947 1097 2027 (τὸ
1128 1956 1299 2033 ποίμνιον)
1333 1953 1429 2018 malis

281 2043 419 2137 petere'.
463 2052 535 2118 Hoc
563 2058 785 2135 argumentum
812 2052 892 2117 nihil
918 2055 1022 2136 ualet,
1053 2055 1129 2136 quia
1151 2054 1367 2120 Philoxenum
1395 2056 1427 2118 in

282 2154 487 2238 dIthyrambo
503 2175 616 2240 capras
632 2154 782 2240 Cyclopis
797 2154 963 2221 induxisse
979 2192 1020 2200 -
1034 2157 1138 2221 uirum
1153 2158 1294 2223 maxime
1306 2158 1426 2224 Aristo·
1493 2201 1494 2236 ÷

282 2256 444 2340 phaneum
466 2257 581 2322 erroris
610 2258 819 2323 conumeente
848 2258 919 2341 ipso
941 2257 1157 2342 Aristophane
1179 2295 1220 2306 -
1243 2266 1331 2326 certo
1355 2281 1423 2325 con·
1493 2309 1494 2338 ,

283 2359 440 2425 cludimus
463 2379 505 2424 ex
525 2359 680 2442 parodiae
703 2379 733 2424 u.
746 2362 808 2423 294
831 2361 883 2437 (cf.
903 2358 1076 2442 Antiphan.
1092 2361 1237 2444 fr.11‚r).
1276 2363 1423 2428 Fortasse

282 2482 346 2527 non
367 2463 437 2527 sine
460 2481 556 2527 causa
577 2460 814 2528 Alexandrinus
836 2467 933 2545 poeta
961 2482 1074 2546 capras
1103 2461 1219 2529 deesse
1245 2466 1363 2548 noluit,
1394 2473 1427 2530 ut

283 2564 421 2647 caprarii
435 2564 624 2629 lasciuitatIs
640 2565 797 2628 maculam
815 2565 845 2628 ei
862 2563 1013 2643 demeret,
1037 2565 1126 2630 cuius
1147 2586 1252 2633 mores
1275 2569 1364 2632 omni
1386 2589 1428 2633 ex

282 2671 374 2749 parte
389 2666 535 2748 mitigare
558 2664 715 2730 studebat.
749 2666 872 2730 Eadem
887 2670 993 2730 cutem
1009 2673 1059 2732 est
1072 2668 1179 2749 gregis
1202 2688 1278 2734 cura
1300 2675 1333 2735 et
1356 2669 1427 2735 dili-

281 2769 391 2852 gentia
412 2768 446 2831 in
468 2767 602 2848 singulis
625 2769 763 2848 negotiis
785 2766 1062 2847 administrandis,
1093 2789 1177 2851 quae
1198 2771 1286 2853 apud
1309 2770 1427 2836 Home-

281 2891 368 2954 rum,
397 2868 570 2954 praecipue
592 2867 757 2950 mulgendi
786 2869 942 2951 lactisque
970 2870 1103 2935 bibendi
1133 2872 1281 2956 uoluptas
1305 2875 1345 2938 ct.
1369 2874 1427 2956 XI,

281 2976 331 3039 35.
349 2977 389 3037 65
411 2993 471 3038 nee
489 2972 593 3037 minus
608 2971 696 3036 casei
718 2969 917 3054 conficiendi,
940 2973 1029 3038 cuius
1051 2972 1248 3039 abundantia
1270 2976 1427 3057 gloriatur

280 3078 319 3142 cf.
342 3077 405 3160 XI,
421 3078 461 3140 36
470 3093 517 3157 sq.
534 3076 591 3156 ce;
620 3075 761 3139 maxime
782 3094 813 3138 u.
830 3077 885 3137 37:
912 3074 1032 3158 ταρσοὶ
1061 3065 1094 3138 δ’
1120 3069 1331 3159 ὑπεραχθέες
1360 3075 1427 3140 αἰεί

280 3180 352 3244 coll.
369 3201 395 3245 c.
412 3179 472 3245 0d.
488 3178 546 3260 IX,
562 3179 639 3240 219:
669 3177 788 3260 ταρσοὶ
816 3174 876 3258 μὲν
898 3177 1004 3260 τυρῶν
1025 3180 1158 3261 βρῖθον.
1203 3177 1270 3243 Sua
1292 3198 1335 3244 ex
1357 3186 1425 3244 arte

279 3283 451 3364 pastoralis
473 3281 559 3345 uitae
582 3277 688 3344 officia
709 3279 847 3345 feliciter
872 3277 998 3344 addidit
1025 3285 1122 3364 poeta
1143 3280 1201 3362 XI,
1218 3283 1315 3362 73sq.
1361 3281 1424 3346 De-

280 3383 374 3447 sciuit
394 3382 525 3466 paulum
548 3381 589 3447 ab
612 3381 745 3446 Homeri
768 3383 933 3466 exemplo,
959 3402 1031 3447 cum
1053 3402 1166 3447 canem
1188 3384 1296 3465 gregIs
1320 3390 1423 3450 custo·
1491 3457 1492 3460 Ἴ

280 3483 355 3549 dem
376 3484 554 3549 uindicaret
576 3484 711 3567 opilioni
732 3484 786 3566 Vl,
804 3487 901 3567 tlsqq.
918 3487 1031 3570 29sq,¹
1049 3485 1104 3565 qui
1126 3484 1212 3568 apud
1234 3485 1423 3568 Euripidem
1491 3471 1492 3474 ¹

280 3604 376 3650 canes
398 3587 563 3652 uenaticos
585 3586 660 3667 alit,
683 3605 721 3650 eo
743 3585 893 3652 nimirum
915 3587 1066 3668 consilio,
1095 3592 1129 3650 ut
1150 3587 1287 3670 pastoris
1310 3588 1423 3671 imagi·

278 3709 352 3755 nem
375 3687 521 3753 omnibus
543 3688 637 3752 lineis
661 3687 863 3769 exprimeret.
907 3688 1006 3753 Vides
1033 3688 1130 3771 igitur
1151 3686 1359 3756 Theocritum
1381 3691 1421 3756 ab

278 3794 319 3859 iis
341 3791 467 3858 stetisse
489 3789 722 3872 grammaticis,
752 3791 806 3871 qui
829 3791 1030 3872 exploratum
1058 3790 1211 3856 baberent
1238 3792 1421 3875 possedisse

158 3948 163 3956 .
278 3894 454 3980 Cyclopem
483 3911 587 3958 canes.
638 3889 906 3956 Pretiosissimum
933 3892 1018 3955 enim
1045 3898 1094 3957 est
1121 3894 1320 3977 epigramma
1345 3893 1419 3958 Phi-

277 3998 360 4082 lippi
381 3995 510 4063 Antbol.
526 3995 595 4059 Pal.
611 3995 669 4079 XI,
687 3996 762 4056 321:
