2998 4674
27 508 32 643 ᾗ

436 257 478 313 De
495 255 661 327 Polyphemo
679 261 707 314 et
726 257 848 313 edeta

96 427 183 496 thesis
209 429 257 495 his
277 429 435 495 formulis:
464 426 748 516 ἐπιγράφεται
775 425 812 494 τδ
838 427 1017 509 εἰδάλλιον,
1046 425 1220 515 ἐπιγρά-

97 551 206 614 φεται
225 526 261 594 τδ
285 526 449 594 εἷδάλλῑον
470 533 585 610 τοῦτο,
613 526 894 618 ἐπιγράφεται
916 529 953 598 τὸ
978 527 1088 617 παρδν
1111 524 1219 596 εἰδάλ-

28 652 32 669 ·
97 631 158 696 κο
171 633 207 698 ο.
222 632 296 716 cyp.
312 632 355 698 rc.
371 634 411 698 Π.
426 635 484 698 111.
499 634 554 699 ιν.
565 634 603 699 v.
612 633 666 698 vr.
676 634 745 699 vn.
761 633 802 698 x.
818 634 891 700 ΧΠ.
907 635 998 700 xm.
1013 634 1083 700 xv.
1099 633 1219 699 xvnr.

96 734 257 800 Perfectum
278 734 463 817 adhibetur,
491 735 546 800 ubi
567 735 640 820 ipsa
661 755 760 820 opera
779 741 897 821 poetae
920 735 1096 820 praeterita
1123 736 1220 818 signi·

95 833 201 919 ficetur,
221 836 319 903 ueluti
334 834 410 920 hyp.
424 835 454 901 I:
479 825 559 924 αδτη
574 830 595 922 ἡ
611 830 780 912 ὑπόδεσις
795 833 843 913 εἰς
854 834 989 923 Δάφνιν
1004 839 1221 922 γέγραπται

96 937 144 1014 (sio
163 935 250 1003 codd.
265 938 301 1003 B.
313 939 353 1003 D.
366 938 426 1020 Ρ.),
448 938 541 1004 XVI:
563 940 663 1004 τοῦτο
677 936 716 1004 τδ
733 936 896 1005 εἰδύλλιον
916 941 1151 1024 γέγραπται
1173 935 1221 1013 εἰς

92 1030 221 1122 Ἱέρωνα,
243 1040 352 1106 XVII:
375 1039 473 1104 τοῦτο
494 1035 531 1104 τδ
556 1037 720 1108 εἰδάλλιον
743 1037 791 1116 εἷς
805 1040 1018 1122 Πτολεμαῖον
1039 1034 1098 1105 τδν
1114 1031 1221 1104 Φιλά-

24 1165 29 1217 ;
95 1135 203 1226 δελφον
219 1137 521 1227 ἐπιγέγραπται,
543 1141 673 1208 XXIX:
694 1147 915 1229 γέγραπται
935 1143 1034 1208 τοῦτο
1051 1139 1099 1217 εἰς
1113 1139 1221 1206 παῖδα

24 1296 29 1320 ,
94 1231 388 1329 άποοτρεφόμενον,
418 1244 567 1310 similiter
589 1239 832 1328 ἐπιγέγραπται
855 1242 890 1308 δὲ
913 1235 1018 1321 οδτως
1046 1244 1222 1312 secundum

24 1338 25 1418 ἶ
93 1345 239 1427 uulgatam
254 1346 425 1413 lectionem
440 1346 473 1411 in
488 1344 565 1430 hyp.
581 1344 624 1411 id.
640 1345 705 1410 XII
726 1346 759 1410 in
777 1347 983 1429 sequentibus
999 1343 1074 1411 ἐπεὶ
1090 1346 1145 1410 καὶ
1161 1352 1220 1412 eto.

23 1447 26 1511 ζ
93 1463 177 1512 canoa
196 1447 322 1530 addita;
352 1447 468 1513 uelde
491 1447 631 1514 dialecto
653 1445 729 1532 hyp.
751 1446 796 1512 id.
811 1447 890 1512 XII:
923 1450 1158 1533 γέγραπται
1186 1445 1222 1511 δὲ

19 1571 25 1612 ,·
88 1535 159 1610 Ἰάδι
179 1545 355 1632 διαλέκτῳ,
385 1549 542 1614 XXVIII:
571 1550 800 1632 γέγραπται
824 1545 860 1612 δὲ
881 1545 1025 1612 Αἰολίδι
1050 1546 1221 1633 διαλέκτῳ.
1314 1599 1316 1604 .

22 1673 23 1722 1
91 1647 148 1714 lam
168 1649 319 1717 habemus
340 1651 516 1734 perfectum
539 1647 792 1734 ἐπιγέγραπται.
829 1648 924 1728 Quod
938 1652 966 1718 si
981 1651 1022 1718 de
1037 1649 1222 1717 Theocritei

92 1753 227 1820 carminis
253 1753 348 1819 titulo
375 1755 609 1838 acciperemus,
639 1759 846 1819 contractus
869 1753 1080 1819 constantiam
1101 1753 1222 1818 facere·

91 1870 165 1936 nus,
186 1855 234 1920 sin
249 1854 292 1921 de
307 1853 422 1920 Niciae
437 1855 559 1940 epyllio
574 1854 799 1938 intellegimus,
823 1875 880 1922 suo
895 1858 964 1922 iure
979 1860 1052 1938 stat,
1071 1853 1222 1937 quoniam

89 1972 228 2035 praesens
249 1976 315 2022 non
338 1955 567 2022 admittebatur
587 1976 776 2041 praegresso
798 1957 941 2042 perfecto
964 1947 1223 2041 ἀντιγεγραμμέ-

20 2081 21 2084 *
90 2077 146 2118 νον.
176 2057 411 2141 Amplectimur
430 2059 528 2141 igitur
549 2059 764 2125 testimonium
778 2059 819 2125 de
834 2058 949 2126 Niciae
964 2058 1111 2124 carminis
1128 2058 1222 2123 titulo

89 2175 140 2223 neo
160 2179 289 2226 causam
311 2159 474 2243 uidemus,
504 2179 560 2226 cur
580 2160 763 2228 diffidamus
786 2159 879 2227 huius
902 2157 1090 2244 hypothesis
1115 2159 1222 2242 priore

89 2258 230 2340 plenioris
244 2262 368 2328 auctori
382 2267 417 2328 ut
431 2261 559 2328 uidetur
573 2261 752 2328 eruditione
767 2262 897 2327 minime
912 2262 1038 2344 uulgari
1059 2261 1221 2327 instructo.

88 2359 241 2430 Habemus
263 2363 391 2428 initium
412 2364 571 2448 responsi:

204 2450 244 2552 ἦν
268 2455 323 2550 ἄρ’
348 2457 475 2550 ἄληθες
495 2467 593 2530 τοῦτο
619 2461 791 2551 Θεόκριτε·
821 2461 854 2528 οἱ
875 2459 938 2550 γάρ
953 2457 1096 2550 Ἔρωτες

204 2562 351 2652 ποιητάς
372 2563 518 2642 πολλοὺς
540 2563 694 2643 ἐδίδαξαν
715 2563 794 2644 τοδς
815 2567 896 2652 πρὶν
919 2559 1086 2650 ἀμούσους

16 2705 18 2742 2
88 2669 133 2741 (of.
153 2670 234 2737 Plut.
257 2676 380 2753 quaest.
396 2689 536 2753 sympos.
554 2670 579 2753 Ι,
597 2671 637 2748 5).
687 2671 787 2737 Recte
813 2672 935 2757 primus
956 2671 1224 2747 Wuestemannus

16 2779 18 2826 ἐ
87 2768 115 2834 in
136 2772 209 2839 edit.
231 2794 264 2857 p.
280 2774 338 2836 166
348 2791 395 2854 sq.
419 2772 613 2856 eparticula
633 2763 697 2855 άρα
719 2773 873 2848 conclusit
892 2766 1011 2857 ‘ipsum
1025 2774 1154 2839 Niciam
1174 2791 1223 2838 re·

16 2913 17 2916 =
87 2873 178 2940 medii
192 2875 259 2941 uim
275 2894 335 2941 usu
350 2880 517 2958 expertum
532 2863 630 2956 essc',
653 2874 825 2958 epistulam
844 2876 943 2958 igitur
964 2877 1091 2941 mittere
1108 2873 1222 2956 amico,

87 2976 136 3056 qui
151 2996 222 3043 cum
239 2976 421 3043 consolatus
435 2980 512 3058 crat,
529 2977 621 3058 quasi
635 2976 874 3060 tranquillitatis
888 2984 1038 3060 receptae
1052 2975 1222 3041 documen·

86 3081 155 3142 tum.
191 3077 345 3162 Cyclopis
366 3082 474 3142 autem
496 3095 621 3143 amores
643 3095 716 3143 cum
739 3078 786 3142 sic
808 3095 982 3159 enarrasse,
1005 3082 1040 3141 ut
1061 3075 1236 3159 repulsatur

86 3177 176 3246 ferret
197 3179 314 3245 infelix
335 3185 459 3246 amator
475 3179 589 3245 eodem
610 3197 673 3260 quo
695 3177 782 3262 apud
797 3175 1002 3244 Theocritum
1023 3176 1129 3260 modo,
1152 3170 1236 3251 cluis

86 3280 213 3348 credet?
258 3279 373 3347 Nonne
394 3281 463 3347 ueri
485 3281 681 3347 simillimum
703 3285 751 3346 est
773 3279 820 3346 sic
842 3297 913 3344 enm
940 3279 1170 3363 respondisset,
1200 3277 1235 3337 ut

86 3382 231 3450 effectum
261 3388 372 3448 cantus
405 3382 448 3449 ad
480 3401 636 3448 summum
668 3387 801 3464 augeret
832 3381 959 3447 culmen
988 3380 1235 3466 Cyclopemquo

86 3503 190 3552 amore
212 3486 359 3570 potitum,
381 3486 525 3551 fauorem
545 3502 609 3549 non
631 3483 843 3566 denegantem
858 3482 1027 3550 Galateam
1047 3471 1233 3560 exhiberet,

86 3605 146 3668 qua
159 3607 195 3654 re
209 3588 319 3654 titulus
334 3582 483 3669 Κύκλωψ
503 3573 524 3670 ἢ
540 3581 707 3650 Γαλάτεια
729 3605 820 3652 suum
842 3605 977 3654 acumen
998 3577 1232 3672 recuperaret?

168 3689 223 3756 Sic
244 3690 342 3773 igitur
362 3688 455 3755 nobis
476 3687 624 3772 fingimus
641 3707 725 3754 rem:
752 3687 943 3772 Depcricrat
955 3689 1098 3773 puellam
1114 3677 1231 3784 Nicias
1279 3681 1286 3767 J

85 3808 196 3871 parum
218 3791 313 3874 felix,
340 3790 517 3857 remedium
539 3790 759 3876 suppeditarat
780 3790 969 3858 Theocritus
992 3812 1012 3856 a
1032 3777 1231 3872 Polyphemi
1279 3776 1281 3792 ¹

87 3894 233 3976 exemplo
262 3894 397 3978 petitum
417 3892 541 3976 Musas,
569 3892 761 3960 adhibuerat
784 3894 928 3961 medicus
950 3900 983 3959 et
1004 3891 1070 3956 uoti
1092 3878 1230 3974 comples

86 3991 187 4060 factus
214 4001 291 4062 erat.
341 3994 437 4073 Quod
465 4014 529 4059 non
561 3995 698 4061 latuerat
725 3994 932 4061 Theocritum
963 3991 1127 4059 confirmat
1158 3991 1228 4056 iam
