<?xml version="1.0" encoding="UTF-8"?>
<!DOCTYPE html PUBLIC "-//W3C//DTD XHTML 1.0 Transitional//EN"
    "http://www.w3.org/TR/xhtml1/DTD/xhtml1-transitional.dtd">
<html xmlns="http://www.w3.org/1999/xhtml" xml:lang="en" lang="en">
 <head>
  <title>
</title>
<meta http-equiv="Content-Type" content="text/html;charset=utf-8" />
  <meta name='ocr-system' content='tesseract 3.04.00' />
  <meta name='ocr-capabilities' content='ocr_page ocr_carea ocr_par ocr_line ocrx_word'/>
</head>
<body>
  <div class='ocr_page' id='page_1' title='image "./depolyphemoetga00hollgoog_0084.png"; bbox 0 0 3028 4672; ppageno 0'>
   <div class='ocr_carea' id='block_1_1' title="bbox 426 288 1206 362">
    <p class='ocr_par' dir='ltr' id='par_1_1' title="bbox 426 288 1206 362">
     <span class='ocr_line' id='line_1_1' title="bbox 426 288 1206 362; baseline 0.012 -20"><span class='ocrx_word' id='word_1_1' title='bbox 426 288 469 344; x_wconf 89' lang='lat' dir='ltr'>De</span> <span class='ocrx_word' id='word_1_2' title='bbox 485 288 650 362; x_wconf 79' lang='lat' dir='ltr'><strong>Polyphemo</strong></span> <span class='ocrx_word' id='word_1_3' title='bbox 669 294 697 346; x_wconf 89' lang='lat' dir='ltr'>ot</span> <span class='ocrx_word' id='word_1_4' title='bbox 715 290 836 346; x_wconf 81' lang='lat' dir='ltr'>Galatea.</span> <span class='ocrx_word' id='word_1_5' title='bbox 1147 293 1206 353; x_wconf 80' lang='lat'>211</span> 
     </span>
    </p>
   </div>
   <div class='ocr_carea' id='block_1_2' title="bbox 21 459 1254 3183">
    <p class='ocr_par' dir='ltr' id='par_1_2' title="bbox 77 459 1210 851">
     <span class='ocr_line' id='line_1_2' title="bbox 79 459 1210 547; baseline 0.008 -24"><span class='ocrx_word' id='word_1_6' title='bbox 79 461 135 543; x_wconf 77' lang='lat' dir='ltr'>regi</span> <span class='ocrx_word' id='word_1_7' title='bbox 147 465 239 543; x_wconf 87' lang='lat' dir='ltr'>atque</span> <span class='ocrx_word' id='word_1_8' title='bbox 256 459 406 527; x_wconf 85' lang='lat' dir='ltr'>Centauri</span> <span class='ocrx_word' id='word_1_9' title='bbox 422 479 568 545; x_wconf 87' lang='lat' dir='ltr'>persona.</span> <span class='ocrx_word' id='word_1_10' title='bbox 603 461 653 526; x_wconf 82' lang='lat' dir='ltr'>Ex</span> <span class='ocrx_word' id='word_1_11' title='bbox 669 462 794 530; x_wconf 91' lang='lat' dir='ltr'>duobus</span> <span class='ocrx_word' id='word_1_12' title='bbox 811 483 893 547; x_wconf 87' lang='lat' dir='ltr'>quae</span> <span class='ocrx_word' id='word_1_13' title='bbox 909 470 1048 530; x_wconf 85' lang='lat' dir='ltr'>aetatem</span> <span class='ocrx_word' id='word_1_14' title='bbox 1069 466 1210 532; x_wconf 90' lang='lat' dir='ltr'>tulerunt</span> 
     </span>
     <span class='ocr_line' id='line_1_3' title="bbox 78 561 1207 651; baseline 0.005 -25"><span class='ocrx_word' id='word_1_15' title='bbox 78 561 200 628; x_wconf 82' lang='lat' dir='ltr'>hustulis</span> <span class='ocrx_word' id='word_1_16' title='bbox 220 563 308 646; x_wconf 90' lang='lat' dir='ltr'>prius</span> <span class='ocrx_word' id='word_1_17' title='bbox 332 562 379 639; x_wconf 80' lang='lat' dir='ltr'>(fr.</span> <span class='ocrx_word' id='word_1_18' title='bbox 398 563 416 624; x_wconf 82' lang='lat'>2</span> <span class='ocrx_word' id='word_1_19' title='bbox 431 564 486 638; x_wconf 88' lang='lat' dir='ltr'>K.)</span> <span class='ocrx_word' id='word_1_20' title='bbox 507 562 659 639; x_wconf 88' lang='lat' dir='ltr'>(Meinek.</span> <span class='ocrx_word' id='word_1_21' title='bbox 675 562 750 630; x_wconf 89' lang='lat' dir='ltr'>hist.</span> <span class='ocrx_word' id='word_1_22' title='bbox 767 565 835 630; x_wconf 90' lang='lat' dir='ltr'>crit.</span> <span class='ocrx_word' id='word_1_23' title='bbox 851 587 883 650; x_wconf 89' lang='lat' dir='ltr'>p.</span> <span class='ocrx_word' id='word_1_24' title='bbox 897 568 971 640; x_wconf 74' lang='lat'>254)</span> <span class='ocrx_word' id='word_1_25' title='bbox 993 565 1075 632; x_wconf 92' lang='lat' dir='ltr'>Poll.</span> <span class='ocrx_word' id='word_1_26' title='bbox 1093 567 1135 651; x_wconf 90' lang='lat' dir='ltr'>X,</span> <span class='ocrx_word' id='word_1_27' title='bbox 1149 570 1207 633; x_wconf 85' lang='lat'>93:</span> 
     </span>
     <span class='ocr_line' id='line_1_4' title="bbox 78 650 1209 750; baseline 0.006 -25"><span class='ocrx_word' id='word_1_28' title='bbox 78 659 172 739; x_wconf 79' lang='grc' dir='ltr'><strong><em>ε’ίποις</em></strong></span> <span class='ocrx_word' id='word_1_29' title='bbox 192 654 223 727; x_wconf 76' lang='grc' dir='ltr'>δ’</span> <span class='ocrx_word' id='word_1_30' title='bbox 246 650 287 728; x_wconf 78' lang='grc' dir='ltr'>δν</span> <span class='ocrx_word' id='word_1_31' title='bbox 308 664 365 728; x_wconf 84' lang='grc' dir='ltr'>καὶ</span> <span class='ocrx_word' id='word_1_32' title='bbox 385 659 445 747; x_wconf 82' lang='grc' dir='ltr'>τὴν</span> <span class='ocrx_word' id='word_1_33' title='bbox 466 657 748 750; x_wconf 69' lang='grc' dir='ltr'><strong><em>ἡδοοματοδήκην</em></strong></span> <span class='ocrx_word' id='word_1_34' title='bbox 769 663 985 747; x_wconf 89' lang='grc' dir='ltr'><strong><em>κομινοδόκον</em></strong></span> <span class='ocrx_word' id='word_1_35' title='bbox 1001 664 1209 750; x_wconf 87' lang='grc' dir='ltr'><strong><em>Νικοχάροος</em></strong></span> 
     </span>
     <span class='ocr_line' id='line_1_5' title="bbox 77 761 1173 851; baseline 0.004 -24"><span class='ocrx_word' id='word_1_36' title='bbox 77 761 213 841; x_wconf 84' lang='grc' dir='ltr'><strong><em>εἰπόντος</em></strong></span> <span class='ocrx_word' id='word_1_37' title='bbox 234 762 268 830; x_wconf 81' lang='grc' dir='ltr'>ἐν</span> <span class='ocrx_word' id='word_1_38' title='bbox 292 766 460 851; x_wconf 74' lang='grc' dir='ltr'><strong><em>Γαλατείᾳ</em></strong></span> <span class='ocrx_word' id='word_1_39' title='bbox 1170 773 1173 781; x_wconf 85' lang='grc'><strong>’</strong></span> 
     </span>
    </p>

    <p class='ocr_par' dir='ltr' id='par_1_3' title="bbox 261 863 1021 953">
     <span class='ocr_line' id='line_1_6' title="bbox 261 863 1021 953; baseline 0.003 -21"><span class='ocrx_word' id='word_1_40' title='bbox 261 877 404 953; x_wconf 87' lang='grc' dir='ltr'><strong><em>σοφοῖσι</em></strong></span> <span class='ocrx_word' id='word_1_41' title='bbox 425 864 601 950; x_wconf 75' lang='grc' dir='ltr'><strong><em>παλάμαις</em></strong></span> <span class='ocrx_word' id='word_1_42' title='bbox 623 864 784 933; x_wconf 80' lang='grc' dir='ltr'><strong><em>τεκτόνων</em></strong></span> <span class='ocrx_word' id='word_1_43' title='bbox 808 863 1021 953; x_wconf 79' lang='grc' dir='ltr'><strong><em>εἰργασμένον</em></strong></span> 
     </span>
    </p>

    <p class='ocr_par' dir='ltr' id='par_1_4' title="bbox 260 960 1016 1053">
     <span class='ocr_line' id='line_1_7' title="bbox 260 960 1016 1053; baseline 0 -20"><span class='ocrx_word' id='word_1_44' title='bbox 260 969 318 1033; x_wconf 81' lang='grc' dir='ltr'>καὶ</span> <span class='ocrx_word' id='word_1_45' title='bbox 339 960 442 1034; x_wconf 74' lang='grc' dir='ltr'><strong><em>πάλλ’</em></strong></span> <span class='ocrx_word' id='word_1_46' title='bbox 470 966 504 1035; x_wconf 82' lang='grc' dir='ltr'>έν</span> <span class='ocrx_word' id='word_1_47' title='bbox 527 963 618 1053; x_wconf 70' lang='grc' dir='ltr'><strong><em>αὕτη]</em></strong></span> <span class='ocrx_word' id='word_1_48' title='bbox 641 960 738 1034; x_wconf 81' lang='grc' dir='ltr'><strong><em>λέπτ’</em></strong></span> <span class='ocrx_word' id='word_1_49' title='bbox 765 965 839 1048; x_wconf 72' lang='grc' dir='ltr'><strong><em>ἕχον</em></strong></span> <span class='ocrx_word' id='word_1_50' title='bbox 860 967 1016 1035; x_wconf 82' lang='grc' dir='ltr'><strong><em>καδίοκια</em></strong></span> 
     </span>
    </p>

    <p class='ocr_par' dir='ltr' id='par_1_5' title="bbox 21 1066 1254 3183">
     <span class='ocr_line' id='line_1_8' title="bbox 258 1066 475 1151; baseline 0 -17"><span class='ocrx_word' id='word_1_51' title='bbox 258 1066 475 1151; x_wconf 88' lang='grc' dir='ltr'><strong><em>κομινοδόκον</em></strong></span> 
     </span>
     <span class='ocr_line' id='line_1_9' title="bbox 75 1167 1207 1256; baseline 0.009 -24"><span class='ocrx_word' id='word_1_52' title='bbox 75 1167 237 1238; x_wconf 84' lang='lat' dir='ltr'>Meinekius</span> <span class='ocrx_word' id='word_1_53' title='bbox 259 1173 419 1256; x_wconf 84' lang='lat' dir='ltr'>intellegit</span> <span class='ocrx_word' id='word_1_54' title='bbox 440 1172 483 1238; x_wconf 93' lang='lat' dir='ltr'>de</span> <span class='ocrx_word' id='word_1_55' title='bbox 504 1172 688 1240; x_wconf 88' lang='lat' dir='ltr'>muneribus</span> <span class='ocrx_word' id='word_1_56' title='bbox 704 1171 861 1239; x_wconf 85' lang='lat' dir='ltr'>Calatcae</span> <span class='ocrx_word' id='word_1_57' title='bbox 883 1194 904 1239; x_wconf 89' lang='lat' dir='ltr'>a</span> <span class='ocrx_word' id='word_1_58' title='bbox 923 1173 1067 1256; x_wconf 79' lang='lat' dir='ltr'>Cyclope</span> <span class='ocrx_word' id='word_1_59' title='bbox 1090 1173 1207 1242; x_wconf 87' lang='lat' dir='ltr'>oblatis</span> 
     </span>
     <span class='ocr_line' id='line_1_10' title="bbox 74 1270 1208 1359; baseline 0.009 -26"><span class='ocrx_word' id='word_1_60' title='bbox 74 1270 146 1338; x_wconf 89' lang='lat' dir='ltr'>lelici</span> <span class='ocrx_word' id='word_1_61' title='bbox 167 1274 334 1356; x_wconf 85' lang='lat' dir='ltr'>opinamur</span> <span class='ocrx_word' id='word_1_62' title='bbox 354 1274 547 1341; x_wconf 84' lang='lat' dir='ltr'>coniectura.</span> <span class='ocrx_word' id='word_1_63' title='bbox 591 1275 676 1340; x_wconf 85' lang='lat' dir='ltr'>Nam</span> <span class='ocrx_word' id='word_1_64' title='bbox 699 1275 826 1340; x_wconf 87' lang='lat' dir='ltr'>etiamsi</span> <span class='ocrx_word' id='word_1_65' title='bbox 853 1280 983 1359; x_wconf 88' lang='lat' dir='ltr'>postca,</span> <span class='ocrx_word' id='word_1_66' title='bbox 1013 1274 1069 1340; x_wconf 92' lang='lat' dir='ltr'>ubi</span> <span class='ocrx_word' id='word_1_67' title='bbox 1090 1281 1208 1359; x_wconf 86' lang='lat' dir='ltr'>poetae</span> 
     </span>
     <span class='ocr_line' id='line_1_11' title="bbox 74 1372 1207 1460; baseline 0.008 -26"><span class='ocrx_word' id='word_1_68' title='bbox 74 1372 197 1441; x_wconf 86' lang='lat' dir='ltr'>ludonis</span> <span class='ocrx_word' id='word_1_69' title='bbox 211 1375 406 1460; x_wconf 83' lang='lat' dir='ltr'>Polyphemi</span> <span class='ocrx_word' id='word_1_70' title='bbox 428 1375 642 1460; x_wconf 81' lang='lat' dir='ltr'>depingendis</span> <span class='ocrx_word' id='word_1_71' title='bbox 665 1375 826 1442; x_wconf 92' lang='lat' dir='ltr'>coloribus</span> <span class='ocrx_word' id='word_1_72' title='bbox 847 1396 912 1443; x_wconf 94' lang='lat' dir='ltr'>non</span> <span class='ocrx_word' id='word_1_73' title='bbox 932 1381 1076 1460; x_wconf 86' lang='lat' dir='ltr'>parcent,</span> <span class='ocrx_word' id='word_1_74' title='bbox 1099 1376 1207 1443; x_wconf 91' lang='lat' dir='ltr'>huius·</span> 
     </span>
     <span class='ocr_line' id='line_1_12' title="bbox 74 1474 1207 1561; baseline 0.006 -24"><span class='ocrx_word' id='word_1_75' title='bbox 74 1474 148 1540; x_wconf 90' lang='lat' dir='ltr'>nodi</span> <span class='ocrx_word' id='word_1_76' title='bbox 172 1496 305 1542; x_wconf 88' lang='lat' dir='ltr'>munera</span> <span class='ocrx_word' id='word_1_77' title='bbox 332 1497 396 1543; x_wconf 92' lang='lat' dir='ltr'>non</span> <span class='ocrx_word' id='word_1_78' title='bbox 424 1476 694 1561; x_wconf 82' lang='lat' dir='ltr'>deprehendimus</span> <span class='ocrx_word' id='word_1_79' title='bbox 707 1478 745 1558; x_wconf 87' lang='lat'>¹),</span> <span class='ocrx_word' id='word_1_80' title='bbox 775 1481 883 1543; x_wconf 85' lang='lat' dir='ltr'>tamen</span> <span class='ocrx_word' id='word_1_81' title='bbox 912 1496 1013 1560; x_wconf 85' lang='lat' dir='ltr'>genus</span> <span class='ocrx_word' id='word_1_82' title='bbox 1041 1495 1207 1544; x_wconf 88' lang='lat' dir='ltr'>munerum</span> 
     </span>
     <span class='ocr_line' id='line_1_13' title="bbox 74 1576 1207 1662; baseline 0.006 -24"><span class='ocrx_word' id='word_1_83' title='bbox 74 1582 211 1642; x_wconf 91' lang='lat' dir='ltr'>monstrat</span> <span class='ocrx_word' id='word_1_84' title='bbox 237 1598 344 1644; x_wconf 88' lang='lat' dir='ltr'>mores</span> <span class='ocrx_word' id='word_1_85' title='bbox 366 1577 535 1661; x_wconf 92' lang='lat' dir='ltr'>Cyclopis,</span> <span class='ocrx_word' id='word_1_86' title='bbox 564 1583 597 1642; x_wconf 90' lang='lat' dir='ltr'>et</span> <span class='ocrx_word' id='word_1_87' title='bbox 624 1578 794 1644; x_wconf 88' lang='lat' dir='ltr'>enucleare</span> <span class='ocrx_word' id='word_1_88' title='bbox 823 1576 886 1644; x_wconf 90' lang='lat' dir='ltr'>hac</span> <span class='ocrx_word' id='word_1_89' title='bbox 908 1598 949 1644; x_wconf 88' lang='lat' dir='ltr'>ex</span> <span class='ocrx_word' id='word_1_90' title='bbox 971 1597 1006 1643; x_wconf 92' lang='lat' dir='ltr'>re</span> <span class='ocrx_word' id='word_1_91' title='bbox 1028 1597 1207 1662; x_wconf 89' lang='lat' dir='ltr'>possumus,</span> 
     </span>
     <span class='ocr_line' id='line_1_14' title="bbox 73 1675 1206 1764; baseline 0.002 -22"><span class='ocrx_word' id='word_1_92' title='bbox 73 1677 183 1755; x_wconf 87' lang='lat' dir='ltr'>qualern</span> <span class='ocrx_word' id='word_1_93' title='bbox 204 1685 323 1764; x_wconf 87' lang='lat' dir='ltr'>poetae</span> <span class='ocrx_word' id='word_1_94' title='bbox 345 1679 504 1745; x_wconf 84' lang='lat' dir='ltr'>finxerint.</span> <span class='ocrx_word' id='word_1_95' title='bbox 548 1675 778 1760; x_wconf 88' lang='grc' dir='ltr'><strong><em>Κομινοδόκον</em></strong></span> <span class='ocrx_word' id='word_1_96' title='bbox 800 1684 908 1745; x_wconf 74' lang='grc' dir='ltr'><strong><em>καίτοι</em></strong></span> <span class='ocrx_word' id='word_1_97' title='bbox 930 1679 986 1762; x_wconf 93' lang='lat' dir='ltr'>qui</span> <span class='ocrx_word' id='word_1_98' title='bbox 1008 1677 1108 1744; x_wconf 85' lang='lat' dir='ltr'>donat</span> <span class='ocrx_word' id='word_1_99' title='bbox 1129 1677 1161 1742; x_wconf 92' lang='lat' dir='ltr'>h.</span> <span class='ocrx_word' id='word_1_100' title='bbox 1178 1697 1206 1744; x_wconf 90' lang='lat' dir='ltr'>e.</span> 
     </span>
     <span class='ocr_line' id='line_1_15' title="bbox 23 1780 1207 1862; baseline 0.003 -18"><span class='ocrx_word' id='word_1_101' title='bbox 23 1833 24 1836; x_wconf 14' lang='grc' dir='ltr'><strong><em>ι</em></strong></span> <span class='ocrx_word' id='word_1_102' title='bbox 73 1780 219 1846; x_wconf 74' lang='lat' dir='ltr'>caedum</span> <span class='ocrx_word' id='word_1_103' title='bbox 242 1781 342 1847; x_wconf 89' lang='lat' dir='ltr'>uariis</span> <span class='ocrx_word' id='word_1_104' title='bbox 366 1780 579 1847; x_wconf 79' lang='lat' dir='ltr'>condimentis</span> <span class='ocrx_word' id='word_1_105' title='bbox 601 1781 748 1847; x_wconf 85' lang='lat' dir='ltr'>sollerter</span> <span class='ocrx_word' id='word_1_106' title='bbox 771 1781 903 1848; x_wconf 88' lang='lat' dir='ltr'>secretis</span> <span class='ocrx_word' id='word_1_107' title='bbox 924 1780 1093 1862; x_wconf 85' lang='lat' dir='ltr'>refertum,</span> <span class='ocrx_word' id='word_1_108' title='bbox 1117 1780 1207 1847; x_wconf 88' lang='lat' dir='ltr'>cuius</span> 
     </span>
     <span class='ocr_line' id='line_1_16' title="bbox 72 1881 1207 1968; baseline 0.004 -24"><span class='ocrx_word' id='word_1_109' title='bbox 72 1885 241 1950; x_wconf 88' lang='lat' dir='ltr'>structuram</span> <span class='ocrx_word' id='word_1_110' title='bbox 256 1883 436 1950; x_wconf 79' lang='lat' dir='ltr'>accuratius</span> <span class='ocrx_word' id='word_1_111' title='bbox 452 1882 557 1949; x_wconf 88' lang='lat' dir='ltr'>disces</span> <span class='ocrx_word' id='word_1_112' title='bbox 576 1903 617 1949; x_wconf 86' lang='lat' dir='ltr'>cx</span> <span class='ocrx_word' id='word_1_113' title='bbox 639 1881 848 1950; x_wconf 85' lang='lat' dir='ltr'>similitudine</span> <span class='ocrx_word' id='word_1_114' title='bbox 870 1883 994 1950; x_wconf 90' lang='lat' dir='ltr'>uasculi</span> <span class='ocrx_word' id='word_1_115' title='bbox 1015 1884 1129 1967; x_wconf 81' lang='grc' dir='ltr'><strong><em>κέρνος</em></strong></span> <span class='ocrx_word' id='word_1_116' title='bbox 1150 1903 1207 1968; x_wconf 88' lang='lat' dir='ltr'>ap-</span> 
     </span>
     <span class='ocr_line' id='line_1_17' title="bbox 71 1982 1208 2070; baseline 0.004 -23"><span class='ocrx_word' id='word_1_117' title='bbox 71 1982 166 2061; x_wconf 86' lang='lat' dir='ltr'>pellati</span> <span class='ocrx_word' id='word_1_118' title='bbox 192 1984 283 2069; x_wconf 91' lang='lat' dir='ltr'>apud</span> <span class='ocrx_word' id='word_1_119' title='bbox 305 1983 420 2050; x_wconf 88' lang='lat' dir='ltr'>Athen.</span> <span class='ocrx_word' id='word_1_120' title='bbox 437 1984 486 2048; x_wconf 89' lang='lat' dir='ltr'>XI</span> <span class='ocrx_word' id='word_1_121' title='bbox 506 2005 538 2068; x_wconf 91' lang='lat' dir='ltr'>p.</span> <span class='ocrx_word' id='word_1_122' title='bbox 556 1986 668 2051; x_wconf 74' lang='lat' dir='ltr'>eroes</span> <span class='ocrx_word' id='word_1_123' title='bbox 686 1991 718 2050; x_wconf 91' lang='lat' dir='ltr'>et</span> <span class='ocrx_word' id='word_1_124' title='bbox 738 1985 866 2068; x_wconf 88' lang='lat' dir='ltr'>plenius</span> <span class='ocrx_word' id='word_1_125' title='bbox 887 2006 920 2069; x_wconf 92' lang='lat' dir='ltr'>p.</span> <span class='ocrx_word' id='word_1_126' title='bbox 933 1985 1026 2050; x_wconf 81' lang='lat' dir='ltr'>478d</span> <span class='ocrx_word' id='word_1_127' title='bbox 1054 1984 1208 2070; x_wconf 88' lang='lat' dir='ltr'>descripti</span> 
     </span>
     <span class='ocr_line' id='line_1_18' title="bbox 71 2083 1209 2184; baseline -0.002 -30"><span class='ocrx_word' id='word_1_128' title='bbox 71 2083 111 2154; x_wconf 85' lang='lat' dir='ltr'>(cl.</span> <span class='ocrx_word' id='word_1_129' title='bbox 130 2085 231 2152; x_wconf 88' lang='lat' dir='ltr'>Kock.</span> <span class='ocrx_word' id='word_1_130' title='bbox 246 2087 334 2169; x_wconf 82' lang='lat' dir='ltr'>ll),</span> <span class='ocrx_word' id='word_1_131' title='bbox 361 2087 389 2152; x_wconf 92' lang='lat' dir='ltr'>is</span> <span class='ocrx_word' id='word_1_132' title='bbox 411 2085 619 2153; x_wconf 83' lang='lat' dir='ltr'>hauddubie</span> <span class='ocrx_word' id='word_1_133' title='bbox 641 2092 787 2153; x_wconf 88' lang='lat' dir='ltr'>uersatus</span> <span class='ocrx_word' id='word_1_134' title='bbox 809 2087 913 2154; x_wconf 82' lang='lat' dir='ltr'>estin</span> <span class='ocrx_word' id='word_1_135' title='bbox 935 2084 1147 2184; x_wconf 77' lang='lat' dir='ltr'>oopdimentis</span> <span class='ocrx_word' id='word_1_136' title='bbox 1169 2087 1209 2152; x_wconf 78' lang='lat' dir='ltr'>&#39;et</span> 
     </span>
     <span class='ocr_line' id='line_1_19' title="bbox 72 2183 1208 2272; baseline 0.005 -26"><span class='ocrx_word' id='word_1_137' title='bbox 72 2183 145 2251; x_wconf 88' lang='lat' dir='ltr'>cibos</span> <span class='ocrx_word' id='word_1_138' title='bbox 172 2189 262 2272; x_wconf 84' lang='lat' dir='ltr'>large</span> <span class='ocrx_word' id='word_1_139' title='bbox 285 2189 431 2255; x_wconf 93' lang='lat' dir='ltr'>conditos</span> <span class='ocrx_word' id='word_1_140' title='bbox 453 2189 486 2253; x_wconf 94' lang='lat' dir='ltr'>in</span> <span class='ocrx_word' id='word_1_141' title='bbox 508 2187 634 2256; x_wconf 89' lang='lat' dir='ltr'>deliciis</span> <span class='ocrx_word' id='word_1_142' title='bbox 663 2186 770 2255; x_wconf 87' lang='lat' dir='ltr'>habet</span> <span class='ocrx_word' id='word_1_143' title='bbox 817 2187 952 2254; x_wconf 78' lang='lat' dir='ltr'>subtilis</span> <span class='ocrx_word' id='word_1_144' title='bbox 980 2186 1077 2270; x_wconf 88' lang='lat' dir='ltr'>igitur</span> <span class='ocrx_word' id='word_1_145' title='bbox 1105 2187 1208 2272; x_wconf 85' lang='lat' dir='ltr'>palati</span> 
     </span>
     <span class='ocr_line' id='line_1_20' title="bbox 71 2284 1254 2375; baseline 0.004 -28"><span class='ocrx_word' id='word_1_146' title='bbox 71 2284 152 2351; x_wconf 88' lang='lat' dir='ltr'>ctiam</span> <span class='ocrx_word' id='word_1_147' title='bbox 165 2287 361 2357; x_wconf 86' lang='lat' dir='ltr'>Nicochares</span> <span class='ocrx_word' id='word_1_148' title='bbox 383 2291 589 2375; x_wconf 90' lang='lat' dir='ltr'>proposuisse</span> <span class='ocrx_word' id='word_1_149' title='bbox 612 2288 844 2356; x_wconf 83' lang='lat' dir='ltr'>existimandus</span> <span class='ocrx_word' id='word_1_150' title='bbox 867 2294 915 2355; x_wconf 88' lang='lat' dir='ltr'>est</span> <span class='ocrx_word' id='word_1_151' title='bbox 936 2287 1122 2372; x_wconf 90' lang='lat' dir='ltr'>Cyclopem.</span> <span class='ocrx_word' id='word_1_152' title='bbox 1158 2288 1208 2353; x_wconf 86' lang='lat' dir='ltr'>Ac</span> <span class='ocrx_word' id='word_1_153' title='bbox 1249 2344 1254 2352; x_wconf 95' lang='lat'>.</span> 
     </span>
     <span class='ocr_line' id='line_1_21' title="bbox 70 2385 1207 2476; baseline 0.007 -29"><span class='ocrx_word' id='word_1_154' title='bbox 70 2385 200 2458; x_wconf 87' lang='lat' dir='ltr'>uidemus</span> <span class='ocrx_word' id='word_1_155' title='bbox 222 2391 460 2476; x_wconf 88' lang='lat' dir='ltr'>Polyphemum</span> <span class='ocrx_word' id='word_1_156' title='bbox 483 2389 614 2476; x_wconf 88' lang='lat' dir='ltr'>opifices</span> <span class='ocrx_word' id='word_1_157' title='bbox 637 2391 783 2457; x_wconf 88' lang='lat' dir='ltr'>sollertes</span> <span class='ocrx_word' id='word_1_158' title='bbox 805 2389 1017 2474; x_wconf 88' lang='lat' dir='ltr'>ambientem,</span> <span class='ocrx_word' id='word_1_159' title='bbox 1046 2395 1082 2456; x_wconf 91' lang='lat' dir='ltr'>ut</span> <span class='ocrx_word' id='word_1_160' title='bbox 1110 2389 1207 2456; x_wconf 81' lang='lat' dir='ltr'>lubri-</span> 
     </span>
     <span class='ocr_line' id='line_1_22' title="bbox 71 2492 1205 2576; baseline 0.005 -24"><span class='ocrx_word' id='word_1_161' title='bbox 71 2495 164 2555; x_wconf 86' lang='lat' dir='ltr'>centur</span> <span class='ocrx_word' id='word_1_162' title='bbox 184 2493 341 2559; x_wconf 79' lang='lat' dir='ltr'>Calateae</span> <span class='ocrx_word' id='word_1_163' title='bbox 362 2494 604 2560; x_wconf 89' lang='lat' dir='ltr'>instrumentum</span> <span class='ocrx_word' id='word_1_164' title='bbox 627 2492 824 2575; x_wconf 89' lang='lat' dir='ltr'>culinarium,</span> <span class='ocrx_word' id='word_1_165' title='bbox 847 2492 935 2576; x_wconf 89' lang='lat' dir='ltr'>quod</span> <span class='ocrx_word' id='word_1_166' title='bbox 957 2493 1136 2576; x_wconf 85' lang='lat' dir='ltr'>cogitamus</span> <span class='ocrx_word' id='word_1_167' title='bbox 1158 2494 1205 2558; x_wconf 93' lang='lat' dir='ltr'>in-</span> 
     </span>
     <span class='ocr_line' id='line_1_23' title="bbox 70 2592 1206 2696; baseline 0.005 -42"><span class='ocrx_word' id='word_1_168' title='bbox 70 2592 143 2669; x_wconf 84' lang='lat' dir='ltr'>genti</span> <span class='ocrx_word' id='word_1_169' title='bbox 163 2613 220 2677; x_wconf 89' lang='lat' dir='ltr'>pro</span> <span class='ocrx_word' id='word_1_170' title='bbox 244 2593 409 2678; x_wconf 77' lang='lat' dir='ltr'>Cyclopea</span> <span class='ocrx_word' id='word_1_171' title='bbox 429 2594 650 2678; x_wconf 83' lang='lat' dir='ltr'>magnitudine</span> <span class='ocrx_word' id='word_1_172' title='bbox 673 2595 706 2658; x_wconf 92' lang='lat' dir='ltr'>in</span> <span class='ocrx_word' id='word_1_173' title='bbox 728 2613 879 2660; x_wconf 88' lang='lat' dir='ltr'>scaenam</span> <span class='ocrx_word' id='word_1_174' title='bbox 900 2595 1060 2696; x_wconf 82' lang='lat' dir='ltr'>prolatum</span> <span class='ocrx_word' id='word_1_175' title='bbox 1082 2602 1206 2679; x_wconf 87' lang='lat' dir='ltr'>specta-</span> 
     </span>
     <span class='ocr_line' id='line_1_24' title="bbox 70 2693 1208 2779; baseline 0.005 -24"><span class='ocrx_word' id='word_1_176' title='bbox 70 2693 157 2758; x_wconf 85' lang='lat' dir='ltr'>torum</span> <span class='ocrx_word' id='word_1_177' title='bbox 181 2697 265 2763; x_wconf 88' lang='lat' dir='ltr'>risus</span> <span class='ocrx_word' id='word_1_178' title='bbox 295 2698 444 2763; x_wconf 88' lang='lat' dir='ltr'>mouisse.</span> <span class='ocrx_word' id='word_1_179' title='bbox 487 2697 631 2763; x_wconf 83' lang='lat' dir='ltr'>Alterum</span> <span class='ocrx_word' id='word_1_180' title='bbox 660 2695 876 2779; x_wconf 81' lang='lat' dir='ltr'>fragmentum</span> <span class='ocrx_word' id='word_1_181' title='bbox 904 2695 1020 2770; x_wconf 84' lang='lat' dir='ltr'>(Koch.</span> <span class='ocrx_word' id='word_1_182' title='bbox 1039 2698 1069 2775; x_wconf 89' lang='lat'>3)</span> <span class='ocrx_word' id='word_1_183' title='bbox 1100 2702 1208 2764; x_wconf 83' lang='lat' dir='ltr'>exstat</span> 
     </span>
     <span class='ocr_line' id='line_1_25' title="bbox 22 2787 1206 2883; baseline 0.001 -24"><span class='ocrx_word' id='word_1_184' title='bbox 22 2827 23 2876; x_wconf 74' lang='lat'><em>}</em></span> <span class='ocrx_word' id='word_1_185' title='bbox 69 2795 142 2875; x_wconf 71' lang='lat' dir='ltr'>apud</span> <span class='ocrx_word' id='word_1_186' title='bbox 155 2798 254 2864; x_wconf 83' lang='lat' dir='ltr'>schol.</span> <span class='ocrx_word' id='word_1_187' title='bbox 266 2798 362 2864; x_wconf 85' lang='lat' dir='ltr'>Arist.</span> <span class='ocrx_word' id='word_1_188' title='bbox 378 2798 462 2863; x_wconf 88' lang='lat' dir='ltr'>Plut.</span> <span class='ocrx_word' id='word_1_189' title='bbox 477 2800 553 2861; x_wconf 85' lang='lat'>179:</span> <span class='ocrx_word' id='word_1_190' title='bbox 579 2795 769 2882; x_wconf 77' lang='grc' dir='ltr'><strong><em>Φιλωνίδην</em></strong></span> <span class='ocrx_word' id='word_1_191' title='bbox 785 2787 817 2860; x_wconf 73' lang='grc' dir='ltr'>δ&gt;</span> <span class='ocrx_word' id='word_1_192' title='bbox 833 2787 871 2861; x_wconf 79' lang='grc' dir='ltr'>οὗ</span> <span class='ocrx_word' id='word_1_193' title='bbox 887 2793 946 2861; x_wconf 92' lang='grc' dir='ltr'>τδν</span> <span class='ocrx_word' id='word_1_194' title='bbox 961 2794 1105 2883; x_wconf 76' lang='grc' dir='ltr'><strong><em>ποιητήν</em></strong></span> <span class='ocrx_word' id='word_1_195' title='bbox 1121 2816 1206 2882; x_wconf 82' lang='grc' dir='ltr'><strong><em>φησι</em></strong></span> 
     </span>
     <span class='ocr_line' id='line_1_26' title="bbox 21 2889 1207 2984; baseline 0.003 -27"><span class='ocrx_word' id='word_1_196' title='bbox 21 2909 23 2972; x_wconf 61' lang='lat' dir='ltr'><strong>j</strong></span> <span class='ocrx_word' id='word_1_197' title='bbox 68 2889 115 2957; x_wconf 77' lang='lat' dir='ltr'>dv</span> <span class='ocrx_word' id='word_1_198' title='bbox 141 2894 174 2963; x_wconf 75' lang='grc' dir='ltr'>ἐν</span> <span class='ocrx_word' id='word_1_199' title='bbox 201 2911 274 2975; x_wconf 90' lang='grc' dir='ltr'><strong><em>τοῖς</em></strong></span> <span class='ocrx_word' id='word_1_200' title='bbox 295 2890 585 2984; x_wconf 77' lang='grc' dir='ltr'><strong><em>Ἀριοτοφανείοις</em></strong></span> <span class='ocrx_word' id='word_1_201' title='bbox 614 2894 873 2984; x_wconf 71' lang='grc' dir='ltr'><strong><em>ἐγγεγραμμένον</em></strong></span> <span class='ocrx_word' id='word_1_202' title='bbox 903 2895 1070 2983; x_wconf 80' lang='grc' dir='ltr'><strong><em>δράμασιν</em></strong></span> <span class='ocrx_word' id='word_1_203' title='bbox 1100 2891 1145 2973; x_wconf 79' lang='grc' dir='ltr'>ὥς</span> <span class='ocrx_word' id='word_1_204' title='bbox 1173 2896 1207 2962; x_wconf 86' lang='grc' dir='ltr'>οί</span> 
     </span>
     <span class='ocr_line' id='line_1_27' title="bbox 68 2990 1206 3088; baseline 0.003 -28.881"><span class='ocrx_word' id='word_1_205' title='bbox 68 2999 132 3079; x_wconf 85' lang='grc' dir='ltr'><strong><em>περὶ</em></strong></span> <span class='ocrx_word' id='word_1_206' title='bbox 147 3001 401 3086; x_wconf 86' lang='grc' dir='ltr'><strong><em>Καλλίστρατον</em></strong></span> <span class='ocrx_word' id='word_1_207' title='bbox 425 2996 458 3064; x_wconf 87' lang='grc' dir='ltr'>έν</span> <span class='ocrx_word' id='word_1_208' title='bbox 479 3001 518 3085; x_wconf 78' lang='grc' dir='ltr'>τῇ</span> <span class='ocrx_word' id='word_1_209' title='bbox 540 2994 715 3086; x_wconf 79' lang='grc' dir='ltr'><strong><em>ὁμωνυμίᾳ</em></strong></span> <span class='ocrx_word' id='word_1_210' title='bbox 737 3001 983 3088; x_wconf 75' lang='grc' dir='ltr'><strong><em>πλανηθέντες·</em></strong></span> <span class='ocrx_word' id='word_1_211' title='bbox 1014 2990 1099 3062; x_wconf 88' lang='grc' dir='ltr'><strong><em>άλλδι</em></strong></span> <span class='ocrx_word' id='word_1_212' title='bbox 1121 3019 1206 3063; x_wconf 87' lang='grc' dir='ltr'><strong><em>παι-</em></strong></span> 
     </span>
     <span class='ocr_line' id='line_1_28' title="bbox 21 3092 1207 3183; baseline 0.002 -23"><span class='ocrx_word' id='word_1_213' title='bbox 21 3111 22 3114; x_wconf 75' lang='grc'>’</span> <span class='ocrx_word' id='word_1_214' title='bbox 68 3092 130 3174; x_wconf 84' lang='grc' dir='ltr'><strong><em>διάς</em></strong></span> <span class='ocrx_word' id='word_1_215' title='bbox 150 3099 255 3167; x_wconf 76' lang='grc' dir='ltr'><strong><em>ἕνεκεν</em></strong></span> <span class='ocrx_word' id='word_1_216' title='bbox 269 3099 327 3167; x_wconf 87' lang='grc' dir='ltr'>τὸν</span> <span class='ocrx_word' id='word_1_217' title='bbox 344 3099 516 3181; x_wconf 76' lang='grc' dir='ltr'><strong><em>αἴσχιστον</em></strong></span> <span class='ocrx_word' id='word_1_218' title='bbox 536 3102 592 3166; x_wconf 87' lang='grc' dir='ltr'>καί</span> <span class='ocrx_word' id='word_1_219' title='bbox 615 3093 830 3167; x_wconf 78' lang='grc' dir='ltr'><strong><em>ἀπαίδευτον.</em></strong></span> <span class='ocrx_word' id='word_1_220' title='bbox 867 3098 1079 3183; x_wconf 80' lang='grc' dir='ltr'><strong><em>κωμῳδεῖται</em></strong></span> <span class='ocrx_word' id='word_1_221' title='bbox 1102 3096 1138 3163; x_wconf 79' lang='grc' dir='ltr'>δὲ</span> <span class='ocrx_word' id='word_1_222' title='bbox 1160 3092 1207 3175; x_wconf 77' lang='grc' dir='ltr'>ὥς</span> 
     </span>
    </p>
   </div>
   <div class='ocr_carea' id='block_1_3' title="bbox 69 3191 1311 3288">
    <p class='ocr_par' dir='ltr' id='par_1_6' title="bbox 69 3191 1311 3288">
     <span class='ocr_line' id='line_1_29' title="bbox 69 3191 1311 3288; baseline 0.006 -29"><span class='ocrx_word' id='word_1_223' title='bbox 69 3191 196 3287; x_wconf 72' lang='grc' dir='ltr'><strong><em>εὔπορος</em></strong></span> <span class='ocrx_word' id='word_1_224' title='bbox 217 3204 275 3269; x_wconf 86' lang='grc' dir='ltr'>καί</span> <span class='ocrx_word' id='word_1_225' title='bbox 301 3197 347 3279; x_wconf 77' lang='grc' dir='ltr'>ὥς</span> <span class='ocrx_word' id='word_1_226' title='bbox 375 3205 477 3287; x_wconf 89' lang='grc' dir='ltr'><strong><em>μέγας</em></strong></span> <span class='ocrx_word' id='word_1_227' title='bbox 506 3204 554 3288; x_wconf 74' lang='grc' dir='ltr'>τῷ</span> <span class='ocrx_word' id='word_1_228' title='bbox 581 3199 713 3284; x_wconf 84' lang='grc' dir='ltr'><strong><em>σώματι</em></strong></span> <span class='ocrx_word' id='word_1_229' title='bbox 741 3202 795 3266; x_wconf 80' lang='grc' dir='ltr'>καί</span> <span class='ocrx_word' id='word_1_230' title='bbox 825 3193 972 3286; x_wconf 76' lang='grc' dir='ltr'><strong><em>ἠλίθιος.</em></strong></span> <span class='ocrx_word' id='word_1_231' title='bbox 1021 3198 1206 3288; x_wconf 81' lang='grc' dir='ltr'><strong><em>Νικοχάρης</em></strong></span> <span class='ocrx_word' id='word_1_232' title='bbox 1308 3201 1311 3208; x_wconf 84' lang='grc'><strong>’</strong></span> 
     </span>
    </p>
   </div>
   <div class='ocr_carea' id='block_1_4' title="bbox 70 3301 982 3474">
    <p class='ocr_par' dir='ltr' id='par_1_7' title="bbox 70 3301 982 3474">
     <span class='ocr_line' id='line_1_30' title="bbox 70 3301 982 3474; baseline -0.003 -20"><span class='ocrx_word' id='word_1_233' title='bbox 70 3301 225 3392; x_wconf 41' lang='lat' dir='ltr'>mmm</span> <span class='ocrx_word' id='word_1_234' title='bbox 259 3394 293 3455; x_wconf 89' lang='grc' dir='ltr'>τί</span> <span class='ocrx_word' id='word_1_235' title='bbox 316 3381 405 3474; x_wconf 48' lang='lat' dir='ltr'>driu}</span> <span class='ocrx_word' id='word_1_236' title='bbox 433 3381 715 3470; x_wconf 85' lang='grc' dir='ltr'><strong><em>άπαιδεονάτερος</em></strong></span> <span class='ocrx_word' id='word_1_237' title='bbox 739 3381 768 3452; x_wconf 86' lang='grc' dir='ltr'>εί</span> <span class='ocrx_word' id='word_1_238' title='bbox 792 3384 982 3452; x_wconf 79' lang='grc' dir='ltr'><strong><em>Φιλωνίδου</em></strong></span> 
     </span>
    </p>
   </div>
   <div class='ocr_carea' id='block_1_5' title="bbox 67 3492 1207 3880">
    <p class='ocr_par' dir='ltr' id='par_1_8' title="bbox 67 3492 1207 3880">
     <span class='ocr_line' id='line_1_31' title="bbox 257 3492 524 3566; baseline 0 -12"><span class='ocrx_word' id='word_1_239' title='bbox 257 3493 316 3555; x_wconf 82' lang='grc' dir='ltr'>τοῦ</span> <span class='ocrx_word' id='word_1_240' title='bbox 338 3492 524 3566; x_wconf 86' lang='grc' dir='ltr'><strong><em>Μελιτέως.</em></strong></span> 
     </span>
     <span class='ocr_line' id='line_1_32' title="bbox 67 3583 1207 3676; baseline 0.004 -23"><span class='ocrx_word' id='word_1_241' title='bbox 67 3583 153 3656; x_wconf 85' lang='lat' dir='ltr'>Recte</span> <span class='ocrx_word' id='word_1_242' title='bbox 182 3594 319 3661; x_wconf 88' lang='lat' dir='ltr'>coniecit</span> <span class='ocrx_word' id='word_1_243' title='bbox 339 3593 520 3660; x_wconf 89' lang='lat' dir='ltr'>Meinekius</span> <span class='ocrx_word' id='word_1_244' title='bbox 543 3593 698 3658; x_wconf 85' lang='lat' dir='ltr'>Calateae</span> <span class='ocrx_word' id='word_1_245' title='bbox 727 3590 808 3658; x_wconf 90' lang='lat' dir='ltr'>haec</span> <span class='ocrx_word' id='word_1_246' title='bbox 836 3591 937 3657; x_wconf 85' lang='lat' dir='ltr'>uerba</span> <span class='ocrx_word' id='word_1_247' title='bbox 966 3590 1007 3656; x_wconf 85' lang='lat' dir='ltr'>ad</span> <span class='ocrx_word' id='word_1_248' title='bbox 1030 3590 1207 3676; x_wconf 77' lang='lat' dir='ltr'>Cyclopem</span> 
     </span>
     <span class='ocr_line' id='line_1_33' title="bbox 68 3691 1204 3780; baseline 0.001 -24"><span class='ocrx_word' id='word_1_249' title='bbox 68 3702 137 3756; x_wconf 74' lang='lat' dir='ltr'>osso.</span> <span class='ocrx_word' id='word_1_250' title='bbox 172 3694 307 3780; x_wconf 88' lang='lat' dir='ltr'>Respuit</span> <span class='ocrx_word' id='word_1_251' title='bbox 326 3696 472 3780; x_wconf 89' lang='lat' dir='ltr'>nympha</span> <span class='ocrx_word' id='word_1_252' title='bbox 492 3695 617 3761; x_wconf 88' lang='lat' dir='ltr'>Musam</span> <span class='ocrx_word' id='word_1_253' title='bbox 639 3694 844 3779; x_wconf 85' lang='lat' dir='ltr'>Polyphemi,</span> <span class='ocrx_word' id='word_1_254' title='bbox 866 3691 980 3758; x_wconf 89' lang='lat' dir='ltr'>rudem</span> <span class='ocrx_word' id='word_1_255' title='bbox 1002 3693 1204 3776; x_wconf 90' lang='lat' dir='ltr'>cantilenam,</span> 
     </span>
     <span class='ocr_line' id='line_1_34' title="bbox 68 3787 1204 3880; baseline -0.003 -21"><span class='ocrx_word' id='word_1_256' title='bbox 68 3792 319 3868; x_wconf 82' lang='lat' dir='ltr'>quod-efficimus</span> <span class='ocrx_word' id='word_1_257' title='bbox 342 3817 382 3864; x_wconf 88' lang='lat' dir='ltr'>ex</span> <span class='ocrx_word' id='word_1_258' title='bbox 404 3799 534 3866; x_wconf 91' lang='lat' dir='ltr'>notione</span> <span class='ocrx_word' id='word_1_259' title='bbox 557 3787 762 3872; x_wconf 78' lang='grc' dir='ltr'><strong><em>ἀπαίδευτος</em></strong></span> <span class='ocrx_word' id='word_1_260' title='bbox 782 3794 870 3880; x_wconf 85' lang='lat' dir='ltr'>apud</span> <span class='ocrx_word' id='word_1_261' title='bbox 885 3795 1074 3878; x_wconf 82' lang='lat' dir='ltr'>Euripidem</span> <span class='ocrx_word' id='word_1_262' title='bbox 1095 3813 1125 3858; x_wconf 92' lang='lat' dir='ltr'>u.</span> <span class='ocrx_word' id='word_1_263' title='bbox 1142 3795 1204 3856; x_wconf 83' lang='grc'>493</span> 
     </span>
    </p>
   </div>
   <div class='ocr_carea' id='block_1_6' title="bbox 67 3939 257 3959">
    <p class='ocr_par' dir='ltr' id='par_1_9' title="bbox 67 3939 257 3959">
     <span class='ocr_line' id='line_1_35' title="bbox 67 3939 257 3959; baseline 0 0"><span class='ocrx_word' id='word_1_264' title='bbox 67 3939 257 3959; x_wconf 29' lang='grc' dir='ltr'>κ·-</span> 
     </span>
    </p>
   </div>
   <div class='ocr_carea' id='block_1_7' title="bbox 145 4028 999 4164">
    <p class='ocr_par' dir='ltr' id='par_1_10' title="bbox 145 4028 999 4164">
     <span class='ocr_line' id='line_1_36' title="bbox 145 4028 999 4164; baseline 0.004 -82"><span class='ocrx_word' id='word_1_265' title='bbox 145 4031 169 4094; x_wconf 80' lang='grc'>1)</span> <span class='ocrx_word' id='word_1_266' title='bbox 187 4028 287 4087; x_wconf 84' lang='lat' dir='ltr'>Tamen</span> <span class='ocrx_word' id='word_1_267' title='bbox 306 4029 342 4085; x_wconf 87' lang='lat' dir='ltr'>of.</span> <span class='ocrx_word' id='word_1_268' title='bbox 354 4029 443 4085; x_wconf 77' lang='lat' dir='ltr'>ilicet.</span> <span class='ocrx_word' id='word_1_269' title='bbox 454 4029 581 4099; x_wconf 79' lang='lat' dir='ltr'>Eug.Vl,</span> <span class='ocrx_word' id='word_1_270' title='bbox 592 4034 650 4085; x_wconf 77' lang='lat' dir='ltr'>cll.</span> <span class='ocrx_word' id='word_1_271' title='bbox 949 4110 999 4164; x_wconf 68' lang='lat' dir='ltr'><em>w</em></span> 
     </span>
    </p>
   </div>
   <div class='ocr_carea' id='block_1_8' title="bbox 0 0 1518 4672">
    <p class='ocr_par' dir='ltr' id='par_1_11' title="bbox 0 0 1518 4672">
     <span class='ocr_line' id='line_1_37' title="bbox 0 0 1518 4672; baseline 0 4"><span class='ocrx_word' id='word_1_272' title='bbox 0 0 1518 4672; x_wconf 95' lang='lat' dir='ltr'> </span> 
     </span>
    </p>
   </div>
  </div>
 </body>
</html>
