2998 4674
291 259 353 318 268
653 257 785 324 Georgius
802 249 941 311 Ricardus'
955 255 1074 311 Holland

292 432 379 517 apud
414 433 609 516 posteriores
642 431 841 498 inueniamus
873 432 1063 498 narrationis
1097 429 1278 497 Ouidiauae
1312 433 1433 516 supple-

292 541 414 601 menta:
437 556 466 601 u.
485 534 542 600 Sil.
558 536 628 600 Ital.
645 534 732 616 XIV,
748 536 806 598 221
817 554 903 617 sqq.:

419 648 538 730 quique
560 666 618 728 per
638 646 800 712 Aetnaeos
821 645 898 711 Acis
920 644 1001 727 petit
1022 665 1164 728 aequora
1184 644 1263 711 fines

419 755 451 815 et
473 748 559 815 dulci
580 753 704 831 gratam
726 746 868 814 Nereida
888 748 1006 830 perluit
1027 747 1123 813 unda.

418 852 562 918 aemulus
585 850 641 916 ille
663 856 716 916 tuo
740 848 916 932 quondam,
938 849 1153 934 Polypheme,
1177 851 1278 915 calori
1346 881 1349 888 ·

419 954 495 1020 dum
517 954 599 1036 fugit
620 958 780 1035 agrestem
802 952 935 1018 uiolenti
956 953 1096 1036 pectoris
1118 953 1217 1035 iram,

419 1059 452 1121 in
475 1063 585 1122 tenues
607 1056 798 1136 liquefactus
820 1072 921 1136 aquas
943 1055 1047 1120 euasit
1069 1061 1101 1120 et
1122 1055 1249 1121 hostem

419 1165 451 1224 ct
472 1158 531 1223 tibi
554 1158 735 1239 uictricem,
758 1155 909 1239 Galatea,
932 1157 1105 1223 immiscuit
1126 1156 1254 1222 undam.

291 1277 323 1333 et
345 1269 462 1334 clarius
484 1268 680 1334 Claudianus
703 1267 745 1332 de
766 1273 848 1348 rapt.
865 1266 953 1332 Pros.
969 1267 1023 1351 IV,
1039 1273 1111 1351 lsq.
1126 1268 1229 1351 Ieep.:

417 1381 523 1446 Lucus
546 1386 615 1446 erat
636 1398 737 1462 prope
758 1376 877 1444 flauum
899 1378 998 1460 Acin,
1020 1398 1115 1461 quem
1137 1378 1278 1446 candida
1301 1379 1435 1463 praefert

418 1503 516 1565 saepe
538 1483 619 1548 mari
641 1481 840 1565 pulchroque
862 1486 950 1546 secat
971 1479 1107 1547 Galatea
1128 1488 1247 1548 natatu.

291 1594 466 1659 Putabatur
481 1595 578 1677 igitur
593 1592 737 1678 nympha
752 1594 856 1658 libens
870 1592 983 1658 Acidis
1002 1612 1120 1658 nouam
1141 1594 1277 1658 formam
1302 1594 1434 1671 reuisere

289 1697 417 1780 priscae
432 1696 594 1761 amicitiae
616 1715 801 1760 memor-
823 1695 910 1759 bella
931 1697 1090 1761 sententia
1111 1716 1188 1761 uero
1210 1701 1312 1781 poeta
1335 1693 1432 1777 digna.

289 1799 363 1863 Non
378 1800 511 1863 multum
533 1799 680 1862 iuuamur
702 1799 933 1881 epigrammate
954 1804 990 1863 ut
1004 1798 1113 1863 Riesio
1135 1797 1263 1863 uidetur
1285 1797 1405 1864 recenti
1416 1797 1433 1870 1)

291 1898 420 1965 Anthol.
437 1901 506 1965 Lat.
523 1902 585 1964 886
596 1900 647 1963 R.:
734 1897 846 1964 Acidis
869 1901 1017 1966 tumulus.

420 2002 540 2068 Acidos
562 1999 643 2067 haec
665 2001 768 2067 cernis
791 2008 942 2067 montana
963 2003 1130 2068 cacumina
1151 2002 1236 2067 busti

419 2124 539 2187 aequor
561 2111 594 2169 et
615 2125 656 2170 ex
678 2103 751 2170 imis
773 2102 911 2169 fluminis
933 2106 981 2169 ire
1002 2104 1111 2187 iugis?

418 2210 481 2274 ista
502 2206 657 2292 Cyclopei
680 2206 795 2272 durant
816 2213 1020 2273 monumenta
1040 2207 1170 2272 furoris:

418 2310 472 2376 hic
493 2331 597 2393 amor,
621 2309 673 2376 hic
696 2308 787 2374 dolor
810 2316 875 2392 est,
898 2308 1038 2374 eandida
1058 2308 1218 2393 nympha,
1242 2316 1327 2378 tuus.

418 2411 477 2478 sed
499 2413 580 2478 bene
603 2415 631 2479 si
652 2412 763 2497 periit,
786 2413 871 2477 iacet
892 2410 954 2476 hac
976 2412 1035 2476 sub
1058 2412 1144 2477 mole
1166 2413 1329 2496 sepultus,

417 2534 534 2579 nomen
557 2522 589 2580 et
611 2515 758 2580 exultans
780 2513 867 2578 unda
887 2533 1028 2597 perenne
1050 2511 1148 2579 uehit.

419 2617 466 2682 sic
488 2621 595 2680 manet
617 2616 673 2680 ille
695 2615 825 2697 quidem
847 2635 952 2698 neque
974 2621 1115 2681 mortuus
1138 2635 1209 2682 esse
1232 2615 1352 2683 feretur

419 2719 549 2800 uitaque
572 2736 630 2800 per
652 2716 790 2798 liquidas
812 2717 940 2783 caerula
961 2724 1070 2783 manat
1090 2737 1201 2800 aquas.

291 2831 389 2897 Cuius
412 2827 542 2912 quidem
564 2834 675 2893 auctor
697 2826 807 2893 Ouidii
830 2834 879 2894 est
905 2828 1118 2911 pedisequus,
1147 2828 1181 2895 id
1203 2829 1291 2912 quod
1320 2827 1430 2895 unicui-

184 2979 185 2986 ι
290 2953 352 3016 que
368 2953 403 2998 se
419 2931 513 2997 offert
537 2930 588 3010 (cf.
602 2929 797 2996 Wemsdorf.
814 2936 899 3013 poet.
915 2931 984 2996 Lat.
1000 2932 1075 2996 min.
1091 2931 1139 2996 III
1161 2927 1201 3015 [a.
1216 2929 1310 3017 1782]
1333 2953 1364 3015 p.
1376 2931 1428 2992 277

289 3035 331 3100 ad
351 3056 381 3100 u.
398 3038 429 3110 6)
452 3035 491 3101 cf.
514 3039 574 3098 u.1
597 3027 762 3098 ‘montana
784 3025 962 3098 cacumina'
988 3032 1047 3100 Οιι.
1066 3036 1144 3116 882;
1172 3054 1202 3098 ιι.
1219 3037 1238 3098 6
1258 3019 1426 3099 ‘exultans'

290 3137 349 3205 (lu.
366 3139 444 3220 8923
474 3157 504 3202 ιι.
522 3140 540 3201 8
560 3125 716 3202 ‘caerula'
742 3133 802 3200 011.
819 3137 890 3200 895.
934 3135 1029 3202 Haud
1057 3156 1130 3232 raro
1153 3135 1241 3219 apud
1266 3138 1427 3220 scriptores

290 3246 421 3312 ueteres,
437 3240 557 3305 mentio
580 3239 706 3304 inicitur
727 3236 839 3303 Acidis
861 3236 960 3320 fluuii,
983 3237 1023 3304 de
1046 3258 1109 3320 quo
1130 3238 1242 3304 Vibius
1265 3237 1428 3322 Sequester

290 3347 411 3422 (geogr.
428 3341 497 3406 Lat.
513 3341 589 3406 min.
612 3339 662 3407 ed.
679 3340 717 3404 A.
734 3340 830 3405 Riese
852 3360 883 3423 p.
898 3342 986 3417 146);
1013 3333 1068 3405 ‘ex
1090 3341 1196 3406 Aetna
1223 3348 1332 3406 monte
1355 3333 1426 3403 mari

291 3440 447 3525 decurrit3
477 3463 518 3508 ex
541 3442 634 3509 huius
663 3443 742 3526 ripis
765 3442 982 3526 Polyphemus
1012 3462 1092 3508 saxa
1119 3443 1152 3507 in
1174 3442 1294 3508 Ulixen
1323 3441 1426 3508 iecisse

291 3535 435 3622 dicitur',
458 3544 543 3626 quod
559 3546 705 3628 congruit
720 3565 792 3611 cum
815 3544 1042 3628 chronologica
1064 3542 1245 3628 mythorum
1260 3544 1424 3630 Cyclopeo·

290 3667 361 3714 rum
390 3645 530 3727 ratione;
560 3646 598 3710 ci.
622 3647 718 3711 etiam
738 3647 880 3730 Hesych.
903 3668 987 3714 su:
1016 3641 1171 3729 ποταμὸς
1192 3638 1322 3726 Ἀσίας,
1350 3633 1425 3730 ἢέν

290 3744 471 3833 Κατάνῃ.
514 3745 709 3812 Memoratur
733 3741 867 3822 ’Ἀκιόος
890 3745 979 3833 ἱερὸν
1001 3740 1089 3833 ὕδωρ
1117 3744 1422 3830 antecessore

378 3946 403 4008 1)
419 3939 561 4008 Pentadio,
579 3939 723 4010 praecipue
742 3955 870 3994 uersuum
888 3941 1060 3997 echoicorum
1077 3941 1184 3997 auctori
1202 3942 1237 3998 ci.
1252 3936 1420 3998 Antholhat

292 4031 342 4080 234
350 4043 389 4095 sq.
410 4029 472 4092 265,
491 4026 644 4096 adsignauit
661 4025 787 4094 Scaliger.
