3028 4672
456 265 498 320 De
514 264 679 335 Polyphemo
698 271 725 322 et
742 266 862 325 Galatea.
1172 269 1232 327 185

88 437 205 506 eodem
232 459 317 505 anno
346 439 535 506 Guilielmus
564 437 779 522 Klingender:
809 439 851 505 de
878 437 1057 504 Philoxeno
1080 439 1233 524 Gytherio

88 541 315 608 dissertatione
329 541 436 624 inaug.
452 540 611 624 Marburg.
628 546 661 605 et
674 545 818 625 tempore
841 545 873 606 et
893 540 996 624 pretio
1018 540 1140 624 ultima,
1163 562 1233 609 uer·

87 644 202 709 borum
222 642 376 708 iactantia
396 643 583 726 plerumque
607 642 738 707 inuenta
757 647 968 725 recoquente,
990 660 1091 725 prauo
1114 643 1233 711 indicio

86 763 328 826 nonnumquam
343 743 561 828 detorquente.
596 743 744 826 Denique
764 765 794 809 a.
809 744 890 807 1846
905 742 1101 827 Hartungius
1116 742 1232 811 Philol.

86 846 103 910 I
124 866 157 930 p.
170 848 341 908 415-417
362 843 447 911 hunc
462 844 700 929 dithyrambum
715 845 820 929 tetigit
841 849 989 927 repetens
1011 846 1115 928 magis
1137 866 1234 929 quam

87 948 160 1032 ipse
189 946 394 1030 inuestigans.
438 947 540 1031 Igitur
561 966 633 1011 cum
655 952 778 1012 tantum
800 966 895 1014 curae
917 946 950 1011 in
971 965 1007 1011 re
1028 945 1234 1014 nihilominus

87 1048 192 1115 dubia
204 1048 344 1131 positum
358 1068 463 1131 pauca
475 1048 641 1130 reliquerit
655 1047 811 1114 frumento
824 1050 972 1116 demesso
983 1050 1089 1133 spicas
1104 1050 1234 1134 legenti,

88 1166 175 1230 qnae
196 1149 338 1231 postulat
352 1150 691 1217 commentatiunculae
714 1151 879 1234 integritas
901 1152 1032 1218 breuius
1051 1158 1233 1234 repetemus

87 1250 188 1334 paulo
209 1249 337 1335 plenius
358 1251 400 1317 de
422 1251 550 1334 Synesii
573 1252 711 1335 epistula
732 1253 918 1334 exposituri.

175 1351 315 1417 Maxime
337 1352 544 1418 memorabile
567 1357 599 1418 et
620 1352 717 1436 plane
738 1373 856 1419 nouum
876 1355 909 1418 in
931 1353 1102 1419 Philoxeni
1128 1352 1234 1438 dithy-

86 1453 201 1519 rambo
217 1459 275 1537 est,
297 1453 384 1536 quod
397 1454 535 1536 primum
556 1459 587 1518 et
601 1461 865 1520 commemorator
887 1460 919 1520 et
940 1456 1060 1520 intente
1082 1460 1236 1521 mactatur

86 1575 179 1620 amor
194 1554 346 1640 Cyclopis
368 1557 401 1620 in
421 1554 632 1622 Galateam
653 1554 835 1621 Nereidem.
872 1555 956 1620 Nam
978 1575 1060 1637 quae
1082 1562 1156 1622 ante
1172 1556 1234 1640 Gy-

85 1655 226 1722 therium
248 1656 342 1722 huius
363 1657 411 1722 rei
432 1658 570 1742 uestigia
591 1656 763 1740 indagasse
785 1655 847 1722 sibi
869 1657 931 1722 uisi
953 1662 1026 1722 sunt
1046 1657 1108 1722 uiri
1136 1656 1233 1741 docti,

85 1777 128 1824 ea
141 1758 232 1824 nulla
246 1763 328 1841 sunt,
351 1759 449 1824 ueluti
465 1758 628 1825 Welckeri
648 1764 869 1843 commentum,
893 1757 980 1842 quod
1002 1759 1035 1823 in
1056 1758 1233 1828 adnotatio-

83 1878 159 1924 nem
178 1863 217 1922 17
246 1866 410 1927 comment.
433 1860 474 1927 de
496 1859 689 1947 Epicharmo
714 1881 745 1944 p.
763 1863 823 1925 322
851 1861 1022 1944 relegauit,
1051 1861 1085 1926 in
1113 1861 1235 1928 Gratini

84 1962 123 2026 fr.
138 1963 200 2025 143
223 1961 357 2028 fortasse
378 1962 460 2028 inter
477 1962 596 2028 delicta
617 1963 683 2046 illa,
708 1952 789 2027 ἄνθ’
809 1953 855 2025 ὦν
877 1968 1015 2030 tosturus
1031 1968 1080 2030 est
1095 1963 1235 2049 cyclops

85 2062 222 2129 comites
243 2063 365 2145 Ulixis,
394 2064 599 2148 cogitandum
621 2083 691 2132 esse
714 2064 755 2130 de
777 2063 914 2132 Galatea
939 2066 981 2131 ab
1011 2066 1051 2130 iis
1079 2065 1234 2147 intempe-

85 2171 195 2232 ranter
216 2165 383 2248 lacessita,
412 2167 502 2232 cuius
524 2166 572 2232 rei
593 2165 841 2232 infirmissimum
862 2166 1078 2232 testimonium
1105 2166 1234 2249 ingenio

84 2267 183 2332 nimis
204 2266 374 2350 indulgens
397 2285 438 2332 ex
459 2267 496 2332 fr.
512 2269 571 2331 146
593 2267 735 2333 nondum
751 2267 902 2352 expedito
921 2272 1030 2351 petere
1052 2286 1116 2332 non
1138 2265 1234 2332 debe-

85 2368 153 2433 bat.
186 2367 222 2433 Si
237 2368 322 2434 iusta
336 2374 420 2435 esset
433 2367 642 2451 reprehensio
664 2368 722 2433 illa
736 2368 938 2454 Polyphemi,
961 2375 1063 2435 artam
1078 2368 1234 2435 Galateae

86 2489 163 2534 cum
184 2471 240 2535 illo
264 2470 523 2537 consuetudinem
545 2475 802 2553 exspectaremus
825 2471 866 2536 ab
895 2470 956 2538 hoc
984 2477 1129 2555 tempore
1156 2472 1234 2537 alie-

85 2591 171 2636 nam.
215 2572 285 2638 Nec
306 2590 378 2638 oum
399 2577 467 2637 toto
489 2571 622 2638 consilio
650 2570 781 2637 fabulae
802 2571 971 2640 Gratineae
1001 2573 1034 2638 in
1063 2571 1235 2659 διασυρμῷ

81 2664 280 2748 Ὀδυσσείας
307 2675 413 2759 posito
439 2674 502 2740 hoc
530 2673 719 2740 concineret.
763 2673 833 2740 Nec
854 2677 958 2759 magis
981 2683 1118 2760 certum,
1148 2674 1236 2760 quod

85 2775 215 2840 Natalis
242 2774 358 2842 (lomes
387 2775 493 2854 (Genti
514 2775 643 2852 Natale)
671 2774 806 2859 Mythol.
828 2777 926 2860 IX,8
949 2797 980 2861 p.
994 2779 1055 2842 987
1069 2780 1091 2855 ¹)
1120 2779 1234 2844 refert:

83 2871 217 2942 ‘dicitnr
237 2876 456 2962 Polyphemus
477 2897 541 2943 non
562 2876 658 2943 modo
687 2897 811 2945 amasse
834 2878 1020 2961 Galateam,
1050 2878 1109 2946 sed
1136 2879 1234 2944 etiam

86 2978 238 3046 Galatum
261 2997 302 3044 ex
324 2980 381 3045 illa
403 2978 598 3062 suscepisse,
627 2985 662 3044 ut
686 2985 820 3048 testatus
843 2986 892 3047 est
913 2968 1154 3063 Bacchylidcs’,
1182 2979 1235 3044 cui

85 3079 186 3166 paulo
209 3080 332 3145 cantius
354 3077 451 3144 fidem
473 3077 593 3146 habere
615 3078 794 3147 debuerunt
810 3082 904 3166 Bipp.
920 3101 952 3164 p.
966 3083 1006 3144 34
1020 3078 1178 3145 adnotld
1202 3086 1235 3146 et

86 3179 246 3248 Schmidt
262 3202 295 3265 p.
308 3183 358 3265 56,
382 3201 453 3248 cum
474 3201 559 3247 nunc
581 3182 711 3265 quidem
732 3183 855 3266 antiqui
878 3182 1040 3265 scriptoris
1062 3182 1234 3249 auctoritas

86 3282 252 3360 deficiam)
283 3282 334 3361 (cf.
357 3283 439 3349 inira
460 3303 530 3367 cap.
543 3283 597 3360 X).
640 3284 827 3367 Ignoramus
848 3289 971 3365 autem,
1000 3302 1076 3348 num
1097 3283 1235 3352 Galatea

85 3383 233 3468 nympha
245 3389 320 3450 ante
334 3383 548 3451 Philoxenum
562 3385 754 3451 carminibus
776 3387 819 3452 sit
840 3385 1010 3468 celebrata,
1034 3405 1130 3468 quam
1152 3386 1235 3453 inter

86 3491 213 3552 ceteras
234 3485 332 3552 Nerei
359 3485 442 3552 filias
465 3486 634 3552 eminuisse
656 3485 799 3569 epitheto
820 3487 953 3552 Homeri
980 3487 1029 3562 (ll.
1044 3487 1164 3570 xvffl,
1180 3490 1234 3565 45)

86 3579 267 3672 ἆγακλειτή
296 3607 360 3654 non
387 3589 465 3655 satis
487 3586 710 3670 comprobatur
738 3588 791 3664 (cf.
812 3590 889 3656 Hos.
904 3587 1012 3672 theog.
1028 3591 1112 3668 250).
1153 3589 1233 3656 Gau·
1277 3594 1283 3608 '

178 3760 202 3820 1)
221 3754 281 3823 Gna
297 3770 347 3811 nos
359 3754 402 3810 usi
415 3769 506 3810 sumus
518 3751 643 3809 editionis
655 3752 757 3811 Gencu.
770 3758 871 3811 alliot
885 3757 926 3810 est
937 3770 964 3824 p.
976 3759 1025 3810 975
1043 3755 1150 3823 (Bergk.
1163 3755 1233 3809 Bac·

86 3839 160 3910 chyl.
172 3838 207 3893 fr.
220 3837 266 3894 fin.
283 3838 378 3897 laudat
394 3857 420 3908 p.
432 3843 501 3904 987).

177 3927 204 3990 2)
225 3923 351 3980 Ceterum
373 3923 496 3980 confudit
520 3923 601 3979 etiam
623 3923 730 3980 Natalis
754 3923 849 3981 Gomes
871 3923 1065 3994 Polyphemum
1090 3920 1234 3991 Cyclopem

87 4025 153 4064 cum
168 4008 333 4079 Polyphemo
351 4010 511 4076 Argonauta
527 4010 545 4062 l.
555 4009 574 4063 l.
592 4025 619 4078 p.
630 4012 680 4064 973
690 4025 748 4080 sqq.
