2998 4674
482 203 524 258 De
541 203 706 274 Polyphemo
724 208 752 258 et
770 206 891 260 Galatea
1201 206 1261 266 307

99 378 254 462 imagine
277 375 381 443 denuo
405 377 658 459 examinaretur,
684 397 766 460 qnae
788 377 831 444 ad
853 378 948 460 artis,
972 397 1055 460 quae
1077 377 1120 443 ad
1142 379 1262 446 littera-

99 501 178 546 rum
195 479 384 545 memoriam
400 479 604 561 pertinerent.
639 478 688 543 Ao
702 478 826 546 fucatas
842 499 914 546 esse
936 479 1009 546 illas
1032 479 1263 564 descriptiones

100 582 308 648 ornamentis
322 580 491 646 rhetoricis
507 600 546 645 ne
562 581 689 664 patroni
712 581 841 663 quidem
858 580 1123 647 Philostratorum
1144 581 1262 648 infitias

100 688 202 749 eunt:
233 683 267 748 id
290 682 468 765 quaeritur,
497 687 600 746 utrum
625 684 732 748 omnia
761 682 836 749 ficta
865 685 928 749 sint
955 703 1065 750 neone.
1110 683 1262 768 Cyclopis

100 791 219 851 antem
243 784 490 867 descriptionem
514 785 561 849 sic
584 785 721 850 instituit
741 784 865 868 rhetor,
895 789 929 849 ut
950 785 1090 868 primum
1113 785 1153 851 de
1176 786 1263 851 uictu

100 894 135 953 et
167 888 314 953 moribus
336 885 514 969 cyclopum
541 892 698 969 exponat,
729 886 847 953 deinde
877 885 984 952 uerbis
1012 882 1090 961 τοὺς
1117 885 1177 968 μὲν
1206 871 1263 952 οὖν

101 983 233 1065 ἄλλους
257 984 311 1066 ἕο,
335 984 542 1073 Πολύφημος
565 985 600 1050 δὲ
624 994 682 1053 etc.
706 987 747 1052 ad
770 987 1005 1071 Polyphemum
1028 993 1184 1072 transeat,
1208 991 1264 1072 qui

99 1092 296 1175 depingitur
319 1110 337 1156 e
360 1089 491 1172 scopulo
514 1090 547 1153 in
569 1108 657 1155 mare
684 1090 898 1174 prospiciens,
928 1091 983 1157 ubi
1006 1091 1144 1158 Galatea
1170 1112 1263 1176 prae-

101 1191 289 1260 teruehitur
305 1191 470 1276 quadrigis
491 1190 716 1274 delphinorum
739 1193 891 1258 comitata
905 1193 1135 1260 Tritonidibns.
1173 1193 1263 1272 Quae

100 1295 278 1361 offendunt
290 1295 323 1359 in
334 1294 460 1378 pictura
471 1294 587 1358 acriter
598 1294 719 1376 primus
731 1295 855 1359 notauit
866 1293 1121 1361 Friederiohsius
1132 1296 1261 1380 (imagg.

100 1397 193 1461 Phil.
218 1417 250 1479 p.
264 1398 410 1479 disqu),
442 1415 633 1479 quamquam
663 1395 728 1460 iam
751 1401 847 1461 antea
868 1397 1010 1462 cautiore
1039 1397 1158 1463 indicio
1186 1417 1262 1464 usus

100 1499 303 1581 grauissima
331 1503 366 1563 ut
394 1498 487 1564 nobis
518 1495 645 1562 uidetur
673 1496 856 1563 absolueret
884 1496 1015 1563 Iahnius
1044 1498 1146 1582 symb.
1174 1499 1261 1564 arch.

99 1621 132 1684 p.
149 1603 294 1683 413sqq.
336 1600 367 1666 Is
390 1598 499 1665 docuit
521 1599 660 1683 priorem
683 1604 816 1682 partem,
840 1600 896 1665 ubi
918 1597 1094 1684 Cyclopum
1118 1599 1185 1665 uita
1206 1600 1262 1665 ad-

100 1703 291 1785 umbratur,
314 1701 477 1767 introitum
501 1699 662 1784 quendam
684 1719 755 1766 esse
780 1720 889 1766 eorum
912 1720 995 1785 quae
1018 1707 1182 1768 secuntur:
1205 1703 1262 1769 ad·

102 1810 265 1887 optauere
294 1809 407 1887 postea
434 1801 517 1868 hano
540 1803 729 1868 sententiam
751 1804 911 1869 Brunnius
939 1803 1062 1880 (Pleck.
1078 1805 1183 1871 annal.
1197 1808 1261 1872 uol.

101 1908 214 1990 suppl.
230 1907 277 1972 IV
297 1926 329 1989 p.
342 1907 404 1968 207
413 1925 460 1989 sq.
483 1903 600 1986 hllsq.
625 1905 687 1970 nol.
701 1903 775 1971 0111
803 1925 834 1989 p.
848 1906 917 1989 95),
947 1906 1117 1991 Helbigius
1147 1911 1260 1993 (symb.

101 2007 186 2092 phil.
211 2009 313 2073 Boun.
336 2026 368 2089 p.
383 2009 472 2090 371),
501 2005 636 2072 Mattius
664 2007 800 2085 (dissert.
823 2029 855 2092 p.
871 1995 1008 2092 100'sql.
1052 2007 1262 2077 Consentiunt

102 2108 168 2177 hoo
193 2110 363 2176 exordium
386 2106 588 2191 desumptum
610 2128 681 2175 esse
704 2129 746 2176 ex
768 2108 860 2175 Hom.
877 2106 937 2174 Od.
954 2109 1012 2192 IX,
1027 2112 1165 2194 108sqq.

192 2212 306 2278 Altera
328 2210 452 2277 offensa
473 2215 599 2293 spectat
625 2210 668 2275 ad
696 2209 945 2293 descriptionem
967 2209 1176 2296 Polyphemi,
1206 2215 1260 2296 qui

103 2334 240 2398 prorsus
263 2319 374 2380 contra
394 2313 473 2378 artis
495 2313 646 2396 antiquae
668 2311 932 2379 consuetudinem
954 2332 1026 2379 eum
1047 2333 1111 2380 nno
1138 2319 1261 2380 tantum

104 2419 202 2484 oculo
218 2416 310 2482 fictus
325 2416 375 2498 sit,
401 2435 472 2482 oum
489 2415 570 2480 alias
593 2413 761 2480 denotetur
781 2435 853 2480 cum
875 2413 1000 2481 duobus
1023 2417 1076 2481 uel
1096 2416 1197 2484 tribus
1220 2451 1261 2462 —

104 2521 205 2585 tertio
228 2519 261 2582 in
284 2518 387 2584 fronte
410 2515 531 2583 addito.
574 2516 642 2582 lam
665 2536 737 2584 cnm
759 2516 841 2584 haee
857 2517 1009 2603 Cyclopis
1032 2519 1139 2602 imago
1161 2520 1261 2585 multa

104 2621 324 2687 Theocriteae
342 2619 460 2686 debeat
474 2618 692 2702 descriptioni,
715 2619 970 2687 Friederiohsius
987 2626 1087 2687 totam
1103 2622 1260 2705 composi·

103 2730 173 2789 tarn
198 2727 308 2788 censet
330 2741 348 2786 e
370 2720 507 2788 bucolici
531 2726 646 2806 poetae
670 2720 819 2788 carminis
840 2722 888 2788 XI
910 2723 1070 2790 coloribus
1095 2724 1145 2803 (of.
1162 2725 1260 2789 etiam

105 2826 205 2891 Matr.
221 2825 347 2890 dissert.
364 2843 394 2906 p.
407 2826 487 2898 102).
522 2823 588 2890 Sed
607 2824 846 2908 simplicissima
866 2830 914 2892 est
931 2824 1012 2890 ratio
1028 2824 1160 2889 Brunnii
1184 2826 1259 2902 (uol.

105 2927 214 3012 snppl.
233 2926 288 3008 IV,
301 2927 448 3008 uulso),
479 2925 534 3008 qui
556 2931 588 2991 et
610 2927 713 3011 ipsam
735 2927 824 2992 illam
846 2929 986 3012 prior'em
1009 2926 1259 3010 descriptionem

0 3091 1 3113 ,
105 3028 231 3114 figurae
246 3027 450 3112 Polyphemi,
474 3047 570 3110 quam
592 3034 706 3110 postea
724 3026 885 3102 (Philostr.
902 3029 934 3094 ll
948 3048 979 3111 p.
994 3030 1192 3111 370,14sqq.
1205 3029 1260 3104 K.)

106 3132 231 3215 excipit
249 3131 360 3213 altera,
384 3151 443 3214 pro
459 3130 594 3196 exordio
617 3127 756 3211 quodam
779 3128 877 3196 habet
899 3149 940 3195 ex
961 3129 1097 3215 poeticis
1118 3127 1259 3196 flosculis

105 3237 275 3300 contexto:
297 3229 506 3318 Πολύφημος
525 3229 561 3294 δὲ
576 3224 593 3295 ὁ
610 3231 669 3294 τοῦ
685 3229 899 3307 Ποσειδῶνος
921 3220 1127 3316 ἀγριώτατος
1150 3222 1258 3298 αὐτῶν

107 3333 193 3400 οἰκεῖ
208 3331 365 3413 ἐνταῦθα,
387 3338 468 3416 μίαν
483 3327 761 3416 plutinopoleos
777 3323 883 3419 ὀφρὺν
898 3334 957 3396 τοῦ
978 3323 1164 3417 ὀφθαλμοῦ
1185 3329 1259 3412 ἑνὸς

105 3431 219 3516 ὄντος,
250 3435 395 3522 πλατείᾳ
418 3435 454 3500 δὲ
476 3436 517 3521 τῇ
538 3434 603 3521 ῥινὶ
628 3431 812 3516 ἐπιβαίνων
834 3437 893 3500 τοῦ
916 3434 1046 3516 χείλους
1068 3435 1123 3501 καὶ
1146 3435 1258 3502 σιτού-

69 3527 73 3537 ’
105 3562 206 3621 μενος
227 3535 306 3614 τοὺς
335 3529 556 3624 ἀνθρώπους,
591 3527 706 3621 ὥσπερ
734 3537 813 3602 τῶν
842 3535 1024 3604 λεόντων
1054 3537 1094 3604 οἱ
1122 3530 1257 3621 ὦμοίί)

195 3713 218 3773 1)
237 3707 340 3763 Eadem
357 3706 391 3760 de
410 3705 526 3774 cyclope
543 3704 659 3772 imagine
676 3703 763 3758 utitur
780 3705 924 3777 Lycophro
942 3708 1020 3762 Alex.
1032 3711 1081 3761 659
1091 3722 1164 3774 sqq.:

379 3785 408 3844 3ο
424 3787 524 3859 ὄψεται
541 3794 592 3857 μὲν
609 3791 657 3842 τοῦ
674 3788 841 3862 μονογλὴνον
858 3795 955 3862 στέγας

378 3875 548 3946 κάρανον,
566 3874 639 3940 οἴνητ
656 3875 698 3950 τῷ
716 3873 867 3947 κρεωφάγφ
886 3874 991 3944 σκύφον

379 3964 455 4030 χερσὶ
472 3965 626 4030 προτείνων
643 3956 840 4028 τούπιδόρπιον
858 3959 952 4015 ποτόν.

999 4045 1053 4096 20*
