2998 4674
261 235 323 292 254
620 235 750 303 Georgius
768 233 902 288 Ricardus
919 233 1037 288 Holland

260 411 323 484 (uu.
338 410 398 470 759
406 409 490 489 sqq.)
519 427 623 473 mores
651 412 784 490 aspectu
813 407 1008 489 comprobat.
1053 402 1201 468 Redeunt
1227 407 1304 468 hita
1331 405 1406 468 illa:

259 511 371 593 ingens
394 529 509 593 corpus
537 531 576 574 ao
603 511 700 574 robur
727 509 844 585 (11.842
860 509 931 573 coll.
948 509 1082 588 ῑι.864),
1111 505 1263 572 terribilis
1294 507 1406 572 oculus

258 611 367 676 media
387 613 420 677 in
441 613 543 678 fronte
559 613 733 682 collocatus
756 613 818 688 (uu.
836 611 996 692 851sqq.),
1019 608 1137 672 tonitru
1159 609 1248 674 uocis
1271 611 1347 686 (785
1358 629 1406 690 sq.

259 715 321 776 876
329 715 401 796 sq),
422 714 523 780 barba
544 714 668 780 hirsuta
689 719 721 778 et
742 711 838 794 rigidi
861 711 970 794 capilli
993 710 1164 776 frondosae
1185 711 1310 776 arboris
1332 731 1407 794 spe-

259 816 341 880 ciem
371 816 469 899 capiti
500 815 693 899 praebentes
726 819 758 878 et
789 820 898 878 saetae
929 819 1030 878 totum
1063 832 1178 895 corpus
1210 819 1408 896 occupantes

258 919 332 993 (765
340 937 387 999 sq.
412 920 572 999 844sqq.).
617 916 737 980 Premit
758 916 833 979 litus
855 915 1002 980 immensi
1024 915 1085 979 uiri
1107 914 1232 999 pondus
1261 915 1408 997 spatioso

257 1039 355 1103 passu
379 1039 414 1085 se
436 1019 594 1084 mouentis
624 1017 675 1094 (cf.
691 1037 721 1081 u.
736 1018 826 1100 776),
855 1037 915 1082 neo
938 1016 1098 1082 sufficiunt
1120 1017 1151 1081 ei
1173 1016 1334 1082 humanae
1358 1017 1407 1080 in-

258 1127 503 1186 strumentorum
518 1138 701 1184 mensurae:
723 1119 940 1203 pinum'malo
963 1119 1147 1184 similiorem
1160 1139 1266 1201 quam
1287 1119 1409 1184 baculo

257 1228 376 1308 gestat3
406 1229 596 1304 centumque
619 1220 849 1288 harundinibus
872 1228 945 1305 eget
972 1219 1094 1304 fistula,
1125 1240 1209 1303 quae
1237 1227 1326 1287 tanto
1358 1223 1409 1286 ori

257 1325 428 1409 adaptetur
449 1329 522 1400 (782
531 1327 622 1408 sqq).
660 1324 844 1390 Manserunt
858 1324 982 1388 Aetnae
1004 1325 1120 1389 montis
1143 1345 1258 1389 cauum
1279 1329 1408 1388 antrum

257 1427 455 1494 domicilium
489 1428 540 1504 (oi.
562 1447 615 1493 uu.
638 1429 710 1490 770.
733 1431 793 1490 777
813 1427 868 1502 al.)
900 1432 932 1492 et
960 1446 1011 1492 res
1043 1427 1196 1510 pecuaria
1227 1427 1407 1507 sollemnis,

256 1536 425 1613 utrumque
440 1537 547 1594 tamen
561 1529 770 1613 locupletiore
786 1533 898 1593 ornatu
920 1529 1093 1593 instruitur.
1131 1529 1304 1594 Enumerat
1319 1530 1408 1594 enim

258 1631 397 1716 Cyclops
419 1652 471 1696 uu.
485 1635 624 1714 812sqq.
647 1650 758 1714 poma,
781 1650 875 1712 uuas,
899 1631 1004 1714 fraga,
1027 1650 1138 1714 corna,
1161 1650 1277 1714 pruna,
1301 1635 1407 1695 casta-

256 1755 352 1818 neas,
382 1735 511 1817 arbuta,
541 1739 573 1798 et
587 1715 680 1799 'illud
707 1726 873 1816 ‘pauperis
896 1739 944 1798 est
964 1753 1132 1800 numerare
1154 1723 1267 1817 pecus'
1293 1752 1325 1797 u.
1342 1735 1407 1794 824

257 1836 397 1902 ostendit
412 1836 522 1901 diuitis
541 1835 662 1900 domini
685 1836 867 1919 superbiam
888 1839 1088 1920 amplissima
1109 1836 1312 1920 possessione
1334 1835 1407 1900 fun-

257 1937 380 2020 datam,
409 1957 603 2020 quamquam
625 1958 688 2002 non
710 1945 775 2022 est,
805 1959 859 2004 cur
881 1945 1008 2022 praeter
1031 1960 1145 2023 capras
1168 1945 1200 2004 et
1221 1958 1299 2004 oues
1321 1938 1406 2004 alias

256 2039 397 2124 pecudes
419 2041 537 2106 aluisse
560 2045 735 2105 statuamus
751 2040 996 2124 Polyphemum.
1033 2041 1096 2119 Qui
1118 2042 1241 2125 etipse
1263 2046 1405 2106 astutum

255 2143 456 2224 peritumque
478 2148 663 2207 uenatorem
686 2162 720 2208 se
743 2143 945 2208 commendat
966 2150 1091 2209 amatae
1115 2163 1166 2208 uu.
1183 2144 1240 2206 831
1254 2164 1324 2226 sqq.

340 2244 406 2308 Iam
430 2251 465 2309 ut
486 2243 528 2309 ad
550 2263 654 2310 mores
676 2244 897 2328 depingendos
918 2251 1132 2330 transeamus,
1155 2246 1312 2310 indomita
1334 2264 1399 2311 sae-

255 2347 334 2410 uitia
348 2352 460 2429 regnat
474 2366 532 2431 per
547 2353 646 2412 totam
661 2353 806 2415 naturam
820 2367 929 2413 amore
945 2348 1075 2431 quidem
1098 2349 1253 2431 mitigata.
1288 2348 1401 2430 Neque

256 2448 341 2512 enim
362 2468 491 2532 prorsus
506 2448 655 2533 deposuit
674 2471 797 2515 morum
812 2452 980 2533 feritatem,
1004 2449 1062 2516 sed
1085 2470 1234 2516 exercere
1257 2451 1403 2532 aliquan-

255 2556 322 2613 tum
345 2548 441 2614 desiit
461 2550 527 2615 alia
549 2571 651 2633 eaque
673 2554 821 2635 grauiore
842 2553 977 2618 libidine
1000 2555 1163 2636 incensusr,
1193 2573 1257 2635 qua
1278 2554 1405 2636 reliqua

255 2651 472 2733 obliuiscitur;
495 2653 542 2716 sio
563 2658 684 2718 tantum
707 2674 783 2720 uere
805 2654 922 2720 dieitur
943 2675 994 2720 uu.
1012 2657 1073 2719 768
1082 2676 1145 2738 sq:

383 2753 493 2818 caedis
514 2773 605 2837 amor
626 2754 800 2838 feritasque
822 2757 956 2839 sitisque
978 2758 1123 2823 inmensa
1145 2757 1266 2823 cruoris

325 2861 327 2866 '
383 2861 523 2937 cessant,
547 2861 579 2921 et
601 2843 688 2922 tutae
710 2859 904 2940 ueniuntque
927 2859 1109 2942 abeuntque
1132 2861 1270 2924 carinae.

256 2956 357 3035 Quem
380 2978 431 3023 uu.
448 2960 509 3022 860
518 2977 587 3042 sqq.
612 2959 765 3025 effrenato
783 2961 888 3026 furore
911 2962 944 3025 in
960 2961 1051 3026 Acim
1073 2961 1219 3026 uidemus
1241 2962 1403 3026 insanien-

254 3065 319 3124 tem
335 3065 368 3125 et
382 3060 597 3145 inuehentem,
620 3082 694 3127 eum
716 3063 757 3128 ab
779 3064 911 3146 antiqua
928 3063 1118 3129 crudelitate
1141 3063 1317 3129 desciuisse
1338 3084 1403 3128 nou

254 3160 422 3228 credimus.
457 3156 578 3247 ‘Magni
601 3185 672 3230 cum
695 3163 745 3231 dis
768 3171 967 3251 contemptor
982 3156 1127 3249 Olympi'
1151 3165 1260 3230 Iouem
1290 3165 1401 3232 inflato

255 3263 422 3347 despicatu
440 3268 562 3347 spernit
580 3260 627 3332 ‘et
648 3269 773 3333 caelum
795 3274 827 3332 et
847 3267 1046 3352 penetrabile
1068 3257 1199 3331 sulmen'
1219 3269 1305 3346 (857)
1328 3270 1401 3335 sub·

254 3365 410 3432 limiorem
434 3356 631 3433 intellectum
653 3370 815 3453 professus
837 3370 945 3435 uerbis
969 3371 1030 3432 843
1041 3387 1104 3450 sq:

759 3492 833 3536 nam
854 3491 913 3536 uos
934 3490 1064 3536 narrare
1087 3472 1197 3537 celebs

457 3571 564 3636 nescio
589 3590 684 3653 quem
705 3592 840 3655 regnare
860 3573 981 3638 Iouem.

254 3669 392 3767 Adnota,
416 3687 512 3752 quam
530 3672 704 3754 prudenter
718 3673 909 3739 Theocritus
931 3675 1052 3741 similes
1074 3676 1177 3740 minas
1199 3675 1397 3760 similemque

254 3773 451 3857 impietatem
473 3772 605 3856 imagini
629 3793 705 3840 suae
728 3774 844 3840 inferre
867 3775 1045 3841 euitauerit.
1087 3775 1250 3842 Cachinno
1273 3780 1397 3845 sublato

254 3874 393 3960 Cyclops
422 3875 547 3940 Telemi
576 3876 761 3940 uaticinium
792 3877 964 3942 contemnit
993 3897 1044 3943 uu.
1062 3881 1123 3940 770
1134 3898 1221 3961 sqq,
1250 3886 1285 3944 ut
1312 3880 1396 3966 apud

254 3975 423 4059 Synesium
451 3977 557 4042 Ulixis
587 3978 795 4062 praestigias,
824 3999 895 4044 com
924 3979 1012 4064 apud
1042 3978 1250 4048 Theocritum
1276 3975 1393 4048 ‘uatem
