2998 4674
461 238 504 294 De
521 239 686 311 Polyphemo
704 245 732 297 et
750 241 872 298 Galatea.
1182 247 1243 308 301

90 438 125 501 p.
144 417 206 479 227
215 417 307 496 sqq).
357 413 471 496 Neque
499 418 607 480 tamen
635 416 784 499 contigit,
819 423 853 482 ut
881 419 1019 502 uestigia
1045 426 1245 504 propagatae

89 518 221 584 fabulae
237 534 338 598 usque
353 514 397 581 ad
411 514 572 580 Romanos
589 516 740 599 persequi
762 537 939 601 possemus,
963 520 1023 585 etsi
1039 519 1095 584 uix
1111 518 1244 585 dubium

90 626 150 702 est,
174 620 253 702 quin
268 617 360 684 multi
375 618 499 684 colores
514 615 713 700 stupidarum
735 637 944 701 personarum
966 621 1055 687 auidi
1077 621 1198 687 uentris
1209 624 1243 704 ¹),

89 723 193 788 ueluti
214 722 412 802 Macccrum,
444 719 555 801 quales
577 718 781 800 frequentant
803 721 957 787 comicum
980 741 1131 789 scaenam
1160 721 1242 788 indi·

89 845 208 908 genam
229 824 455 903 Rcmanorum,
478 818 639 885 referendi
662 821 725 886 sint
746 821 790 886 ad
811 822 991 888 Aetnaeum
1014 826 1188 909 exemplar.

176 927 321 992 Primum
341 925 425 991 redit
446 923 592 990 saltantis
610 923 761 1008 cyclopis
784 923 905 990 mimici
926 926 1044 992 mentio
1066 925 1154 1011 apud
1176 927 1241 992 Ho-

89 1031 209 1095 ratium
232 1035 290 1094 rat.
306 1028 332 1111 l,
349 1033 378 1111 5,
395 1029 530 1109 blsqq,
561 1025 616 1091 ubi
639 1032 801 1092 certamen
822 1028 974 1111 proponit
994 1033 1091 1112 poeta
1119 1047 1242 1094 scurra-

90 1151 161 1195 rum
184 1129 346 1195 Sarmenti
368 1134 401 1194 et
421 1128 533 1193 Messii
554 1125 684 1210 Cicirri,
708 1148 842 1210 quorum
863 1129 919 1195 ille
942 1128 1026 1196 hunc
1048 1130 1193 1197 lacessit:

177 1232 378 1316 Campanum
399 1231 433 1295 in
455 1229 616 1311 morbum,
640 1231 673 1293 in
695 1229 811 1295 faciem
833 1232 993 1314 permulta
1014 1232 1153 1315 iocatus,

176 1339 339 1419 pastorem
362 1334 495 1399 saltaret
515 1333 562 1397 uti
584 1330 744 1414 Cyclopa,
766 1331 917 1413 rogabat:

175 1437 222 1502 nil
245 1436 293 1500 illi
314 1436 406 1500 larua
428 1441 484 1500 aut
505 1434 635 1516 tragicis
658 1451 738 1517 opus
762 1451 833 1498 esse
855 1431 1028 1499 cothurnis.

89 1539 223 1606 Scilicet
245 1537 385 1620 ingentis
408 1537 550 1621 corporis
573 1541 641 1601 crat
664 1532 765 1600 Oscus
788 1539 820 1600 et
843 1534 873 1599 ei
892 1526 1003 1600 ‘foeda
1026 1535 1160 1600 cicatrix

175 1646 337 1707 saetosam
358 1639 445 1705 laeui
466 1639 602 1704 frontem
623 1640 809 1720 turpauerat
830 1626 921 1702 oris³.

87 1727 156 1810 Ipsi
179 1731 254 1791 sunt
275 1743 419 1808 scurrae,
448 1724 560 1806 quales
582 1723 826 1788 arcessebantur
848 1741 868 1787 a
890 1723 1043 1790 Romanis
1072 1723 1115 1789 ad
1144 1744 1241 1791 cenas

86 1828 140 1904 (cf.
161 1828 217 1892 l.1.
234 1831 341 1908 ald),
367 1845 473 1908 neque
495 1826 558 1910 ipsi
580 1825 716 1891 fortasse
737 1825 838 1890 nescii
860 1824 1048 1892 imitationis
1071 1825 1240 1911 Cyclopis3

85 1928 147 1995 sed
161 1929 278 1994 alludit
293 1927 478 1994 Sarmentus
493 1926 536 1992 ad
550 1926 648 2010 paulo
663 1926 803 1992 nobilius
818 1945 929 2010 genus,
952 1926 995 1992 ad
1014 1929 1239 2012 pantomimos,

87 2031 122 2096 id
142 2029 229 2112 quod
245 2030 388 2112 sequitur
410 2049 451 2095 ex
473 2049 503 2094 u.
516 2031 566 2111 64,
590 2029 645 2112 qui
667 2029 850 2094 scaenicum
871 2035 1027 2096 monstrat
1048 2036 1240 2113 apparatum

88 2133 140 2207 (ef.
157 2130 326 2198 Kirchner.
342 2131 384 2197 ad
399 2130 431 2195 h.
446 2133 490 2206 1.).
534 2131 753 2198 Pantomimus
782 2130 1018 2214 intellegendus
1041 2131 1139 2196 etiam
1160 2130 1239 2196 Hor.

86 2255 139 2318 ep.
155 2235 197 2318 11,
214 2236 243 2317 2,
259 2237 389 2318 124sq.‚
419 2233 475 2298 ubi
498 2233 538 2298 de
561 2235 630 2298 ueri
652 2239 768 2317 poetae
790 2232 910 2298 laboris
931 2251 990 2316 per
1011 2231 1123 2297 ludum
1146 2230 1239 2298 dissi-

85 2337 264 2402 mulatione
287 2336 419 2418 legitur:

173 2437 314 2504 ludentis
338 2438 479 2520 speeiem
502 2436 592 2502 dabit
614 2441 647 2502 et
667 2435 882 2518 torquebitur,
905 2441 940 2500 ut
963 2437 1018 2518 qui

1 2607 2 2626 ,
174 2559 258 2605 nunc
280 2539 431 2622 Satyrum
442 2539 465 2615 ²)
488 2559 572 2605 nunc
593 2544 753 2621 agrestem
776 2536 921 2622 Cyclopa
942 2542 1104 2620 mouetur;

1 2691 2 2728 .
86 2647 119 2706 et
140 2641 271 2708 disertis
292 2641 399 2706 uerbis
428 2645 562 2706 testatur
583 2640 779 2725 Porphyrio:
809 2633 869 2707 ‘ita
890 2640 1091 2723 torquebitur
1113 2645 1145 2706 et
1166 2639 1238 2706 fati·

1 2761 2 2806 r
84 2743 224 2828 gabitur‚
248 2748 282 2807 ut
296 2743 521 2827 pantomimus,
545 2744 601 2826 qui
615 2763 699 2810 nunc
713 2750 819 2810 motus
834 2745 865 2822 (e
880 2743 962 2809 coni.
978 2742 1113 2825 Meyeri)
1128 2741 1238 2824 Satyri

84 2864 171 2910 nunc
192 2843 387 2928 Polyphemi
410 2845 562 2928 Cyclopis
585 2856 717 2912 conatur
744 2846 862 2911 imitari
891 2834 1088 2928 personam'.
1133 2842 1238 2907 Disci-

85 2965 157 3010 mus
187 2943 237 3011 his
261 2966 302 3011 ex
330 2947 411 3012 locis
439 2947 539 3012 fuisse
562 2945 714 3030 Cyclopis
743 2947 878 3030 figuram
908 2947 942 3010 in
970 2944 1238 3029 pantomimorum

84 3067 204 3113 scaena
220 3047 461 3113 celeberrimam
483 3053 516 3113 et
537 3054 678 3113 actorem
699 3049 823 3113 laruam
844 3048 1048 3130 tragicosque
1064 3043 1237 3111 cothurnos

84 3147 239 3230 induisse,
260 3155 295 3214 ut
316 3150 455 3233 ingentis
476 3150 538 3216 uiri
555 3150 810 3234 magnitudinem
827 3156 859 3215 et
875 3148 1111 3215 deformitatem
1126 3147 1236 3229 aequi·

174 3385 196 3445 1)
214 3380 257 3435 Ad
276 3381 435 3451 Polyphemi
452 3383 590 3452 exemplar
607 3387 706 3452 putant
722 3397 879 3453 expressam
895 3381 981 3436 fuisse
998 3380 1158 3436 Manduci
1176 3381 1236 3437 effi·

84 3465 154 3533 giem
173 3465 246 3530 (uide
263 3465 340 3521 Paul.
351 3466 430 3522 Diae.
441 3483 499 3523 exc.
518 3486 545 3538 p.
556 3471 599 3535 96)
618 3468 653 3523 cf.
667 3467 705 3522 Μ.
721 3466 981 3522 Pacui-Rcohette:
1007 3467 1238 3523 monum.ined.I

84 3566 111 3616 p.
124 3553 172 3602 351
193 3549 310 3604 adnct3
330 3556 357 3606 et
375 3552 411 3606 M.
423 3553 513 3608 Arditi
526 3554 544 3607 l.
561 3567 624 3608 mox
641 3552 713 3608 laud.
733 3568 759 3620 p.
772 3558 803 3608 15
822 3551 966 3606 afferentes
985 3550 1087 3606 Gallim.
1098 3552 1187 3623 hymn.
1207 3550 1237 3606 in

85 3634 166 3688 Dian.
178 3639 210 3689 66
217 3652 275 3704 sqq.
295 3652 356 3690 curn
374 3636 477 3693 adnctt.
496 3638 661 3706 Spanhemii.
697 3637 836 3705 Quacum
855 3635 942 3706 effigie
960 3643 1135 3706 comparatur
1157 3634 1236 3690 testi·

84 3720 204 3773 monium
221 3719 353 3776 Varronis
371 3721 397 3775 d.
407 3721 424 3775 l.
437 3721 468 3776 L.
480 3722 539 3790 Vll,
550 3727 581 3777 95
591 3723 629 3778 bl.
649 3723 790 3790 (Ribbeck.
806 3723 901 3780 comio.
912 3722 990 3777 Rom.
1001 3723 1078 3790 lrgm.
1089 3719 1171 3774 Atell.
1182 3720 1235 3776 inc.

85 3803 199 3869 nomi).

1 3939 2 3954 .
172 3893 196 3953 2)
215 3890 306 3944 Etiam
323 3896 448 3959 pastores
466 3895 572 3960 satyros
590 3892 715 3950 saltando
738 3893 836 3950 imitati
861 3898 939 3960 sunt,
964 3891 1035 3962 qnod
1058 3891 1138 3946 dccet
1154 3893 1235 3961 Verg.

1 3971 2 3974 ’
85 3973 135 4027 ecl.
145 3971 179 4040 V,
191 3977 221 4026 73
241 3974 276 4028 ab
295 3975 395 4032 Orellio
414 3975 449 4029 ad
466 3975 493 4029 h.
507 3976 525 4030 l.
543 3976 678 4034 laudatus.
782 4032 784 4041 ,
