2998 4674
276 216 336 275 240
442 209 444 214 ’
637 215 769 284 Georgius
786 214 920 270 Ricardus
938 215 1056 271 Hollund

276 388 448 455 Theocrito
464 388 606 481 sculptus
623 393 685 454 est:
709 388 849 473 Cyclops
868 388 1057 454 adulescens
1079 387 1174 452 taehi
1195 394 1346 471 aspectus
1361 388 1418 453 Ve-

275 492 359 556 neris
388 494 581 574 potestatem
610 498 761 575 expertus
791 511 906 558 saeuos
933 495 1141 574 agrestesque
1169 509 1275 556 mores
1302 492 1419 555 ‘teneus

274 593 441 659 affectibus
456 592 701 659 accommodare
716 592 823 659 studet
838 594 908 676 ipse
924 593 974 658 sui
996 592 1130 656 nimium
1152 598 1286 676 amator,
1309 613 1419 677 parum

273 697 364 761 uafer
385 695 428 760 ad
450 696 592 779 puellam
614 694 814 779 captandam.
849 695 962 777 Neque
985 700 1092 760 tamen
1115 695 1160 758 ita
1175 692 1329 779 Cyclopis
1351 716 1419 780 pro-

274 799 444 883 prietatem
464 803 648 864 attenuasse
670 803 767 881 poeta
789 796 1020 862 existimandus
1043 802 1100 879 est,
1123 802 1158 861 ut
1180 816 1251 861 cum
1267 795 1421 862 Glaesero

275 921 306 983 p.
320 903 339 963 9
355 905 495 966 statuere
511 901 607 966 liceat
621 899 854 983 repraesentari
870 900 1017 981 quemuis
1032 897 1194 964 hominem
1210 899 1311 962 nimio
1322 900 1422 964 amori

274 1001 495 1083 indulgentem
511 1007 543 1066 et
557 1007 671 1085 postea
685 1021 720 1067 se
735 1007 949 1067 reuocantem.
983 1001 1084 1065 Plane
1099 1020 1217 1065 nouum
1232 1000 1318 1067 hunc
1334 1000 1421 1065 dixe-

273 1107 318 1169 ris
340 1111 453 1188 typum
467 1102 634 1168 Theocriti
656 1104 785 1186 ingenio
807 1109 1019 1187 procreatum,
1043 1104 1131 1168 euius
1148 1108 1316 1168 externum
1333 1101 1422 1168 habi-

274 1212 339 1271 tum
363 1211 460 1290 poeta
489 1206 653 1271 bucolicus
681 1205 721 1270 ab
750 1205 789 1271 iis
819 1207 874 1288 qui
901 1210 1145 1290 praecesserunt
1174 1211 1336 1272 mutuatus
1359 1207 1423 1271 Ho-

274 1309 418 1391 merique
441 1306 567 1373 fidelior
590 1328 685 1391 quam
708 1308 766 1372 alii
787 1307 983 1390 pedisequus
1006 1308 1163 1372 internam
1186 1306 1329 1372 indolem
1354 1309 1424 1392 ipse

274 1410 426 1476 condidit.

359 1512 491 1578 Obtinet
507 1518 614 1577 autem
630 1512 847 1596 Polyphemus
869 1517 992 1577 amator
1014 1513 1119 1578 locum
1139 1518 1188 1576 sat
1210 1512 1368 1578 illustrem
1391 1515 1424 1577 in

274 1635 416 1680 amorum
440 1613 573 1678 historia
595 1614 739 1698 poetica,
769 1635 840 1679 cum
862 1615 1042 1680 cantilenae
1065 1615 1239 1679 amatoriae
1267 1613 1425 1680 habeatur
1491 1691 1492 1702 χ

274 1719 421 1782 inuentor
449 1717 500 1792 (cf.
523 1715 560 1781 0.
577 1716 725 1781 Ribbeck
740 1718 772 1782 in
786 1737 859 1781 ann.
877 1717 1003 1782 Boruss.
1024 1737 1053 1782 a.
1066 1717 1168 1793 1873).
1203 1715 1425 1782 Coniectando

275 1821 403 1901 assequi
426 1839 611 1901 possumus,
635 1818 795 1900 quomodo
818 1818 954 1883 canendi
977 1819 1112 1884 facultas
1136 1818 1327 1901 Polyphemi
1352 1841 1424 1902 per-

274 1941 372 1986 sonae
404 1921 521 1985 sensim
550 1919 658 1984 afficta
686 1922 736 1985 sit.
782 1919 935 1986 Saeuiore
965 1921 1050 1984 enim
1078 1922 1274 1986 immanitate
1304 1925 1426 1988 eminet

275 2023 414 2108 Cyclops
430 2022 629 2104 Homericus,
653 2042 749 2104 quam
763 2028 798 2087 ut
812 2023 955 2088 musicae
971 2023 1048 2087 artis
1063 2023 1184 2106 peritus
1200 2024 1334 2105 cogitari
1350 2047 1425 2110 pos-

274 2128 329 2207 sit,
354 2128 408 2209 qui
430 2124 537 2210 πολλῇ
559 2121 658 2210 ῥοίζῳ
680 2144 812 2207 gregem
833 2125 991 2207 gubernat
1013 2125 1052 2190 cf.
1068 2124 1128 2190 Od.
1145 2125 1202 2206 IX,
1217 2128 1287 2189 315.
1325 2127 1423 2211 Apud

274 2228 461 2312 Euripidem
484 2234 611 2293 cantum
641 2229 761 2292 excitat
788 2228 856 2291 uini
884 2227 932 2292 uis
962 2228 1099 2309 inuicta,
1130 2219 1245 2311 ἄχαριν
1273 2227 1419 2312 κέλαδον,
1491 2239 1492 2320 ζ

275 2350 369 2413 quem
386 2351 521 2415 pransus
536 2336 694 2414 potusque
709 2329 994 2414 anthropophagos
1010 2329 1147 2394 balbutit
1168 2330 1264 2411 gulae
1287 2331 1420 2396 uentris·
1491 2335 1492 2348 ¹

275 2452 337 2514 que
352 2434 551 2516 uoluptatem
566 2438 751 2516 perceptam
766 2432 915 2499 laudibus
938 2433 1062 2498 tollens.
1091 2433 1237 2498 Musicae
1260 2433 1423 2498 facultatis

275 2532 462 2599 rudimentis
492 2535 669 2599 institutum
697 2533 821 2599 inducit
842 2533 1040 2600 Philoxenus
1063 2534 1424 2618 Pseudo-Dionysium,

276 2637 373 2701 etiam
396 2635 519 2700 cithara
540 2642 669 2701 cantare
692 2641 858 2700 conantem
882 2637 1045 2719 proprium
1069 2656 1197 2701 carmen
1219 2640 1425 2720 amatorium,
1491 2701 1492 2710 ,

260 2758 338 2821 Ιᾳιιο
354 2738 495 2803 celebrat
510 2738 666 2802 Galateae
680 2735 959 2821 pulchritudinem.
994 2738 1060 2804 Sed
1083 2738 1135 2804 hic
1157 2758 1284 2822 quoque
1300 2740 1425 2806 Bacchi

276 2950 324 3009 est
347 2943 433 3026 quod
455 2944 520 3008 iam
542 2942 632 3007 illum
656 2947 750 3007 cantu
775 2943 877 3007 amori
904 2941 1085 3007 medentem
1108 2945 1223 3010 fecisse
1245 2944 1425 3029 Cyclopem

275 3047 393 3112 scimus
411 3067 451 3111 ex
466 3046 550 3110 Plut.
566 3052 688 3128 quaest.
701 3065 802 3129 symp.
819 3046 876 3126 l,5
893 3045 940 3123 (fr.
955 3049 996 3120 7).
1030 3045 1178 3110 Remedii
1201 3047 1298 3128 igitur
1319 3050 1425 3112 notio-

274 3169 349 3214 nem
364 3150 492 3233 ·primus
521 3149 635 3214 intulit.
680 3148 859 3213 Perfectum
882 3148 1073 3213 cantilenam
1096 3150 1263 3232 arcticum,
1292 3152 1425 3231 qualem

275 3252 339 3316 iam
353 3252 608 3319 Hermesianaeti
630 3251 795 3316 uindicare
817 3249 1006 3334 studuimus,
1028 3248 1182 3316 habemus
1205 3252 1238 3314 in
1257 3251 1425 3318 Theocriti

275 3351 319 3415 id.
335 3352 392 3416 Xl.
432 3351 522 3417 Nihil
544 3355 757 3437 uinulentiae,
785 3352 866 3418 nihil
889 3353 1072 3434 edacitatis,
1100 3372 1163 3417 non
1187 3344 1302 3435 ἄχαρις
1324 3355 1424 3418 κέλα-

276 3450 349 3534 δος,
378 3454 435 3518 sed
457 3453 557 3535 μέλος
584 3448 645 3518 ddd
673 3452 803 3540 ἱμερόεν
825 3453 1033 3540 γλυκύθυμον
1056 3451 1210 3538 ἐρωτικόν
1239 3456 1422 3534 (Pa-Bion.

275 3554 337 3618 XV
359 3548 885 3642 [dhrincert.idyll.VI],1sq.),
913 3579 977 3624 non
1004 3557 1155 3643 superbia
1181 3556 1332 3642 effusum,
1364 3561 1424 3626 sed

276 3655 439 3722 desiderio
462 3676 665 3742 expressum,
695 3680 757 3724 non
781 3658 922 3726 citharae
952 3659 1159 3725 immodulato
1174 3660 1296 3725 tinnitu
1325 3662 1423 3728 inter·

276 3765 413 3844 ruptum,
436 3758 494 3824 sed
510 3759 595 3825 dulei
611 3759 735 3825 fistulae
752 3761 855 3825 sonitu
878 3766 1098 3843 temperatum.
1135 3761 1209 3827 Non
1232 3763 1300 3826 sine
1324 3783 1423 3830 causa

276 3862 483 3929 ‘l'heccritum
514 3859 669 3926 citharam
691 3860 842 3946 Cyclopis
864 3861 1047 3927 Philoxenii
1075 3862 1181 3928 fistula
1208 3871 1421 3933 commutasse

277 3965 544 4047 existimabimus,
567 3969 601 4029 ut
624 3961 684 4030 hac
707 3983 834 4046 quoque
857 3985 898 4030 ex
919 3972 1009 4050 parte
1032 3966 1168 4050 pastoris
1186 3964 1286 4030 Siculi
1308 3968 1420 4050 imagi-
