2998 4674
246 195 309 256 296
612 194 745 266 Georgius
762 193 898 250 Ricardus
916 191 1036 250 Helland

243 376 277 437 et
304 366 432 444 τόποις
460 369 633 436 sollemnes
661 369 748 434 illius
777 367 958 434 cantilenae
987 365 1135 448 quamuis
1163 383 1228 430 non
1257 365 1399 447 integros

244 477 418 538 enumerat.
454 471 491 535 ln
507 470 622 552 quibus
637 475 751 553 aperta
766 473 815 534 est
829 465 995 532 Theocriti
1010 464 1163 550 spoliatio
1182 467 1287 548 magis
1303 485 1398 548 qnam

243 573 392 639 imitatio.
427 572 516 637 Duas
532 577 640 638 autem
659 570 861 654 potissimum
884 573 992 652 partes
1014 587 1094 651 prae
1117 565 1232 632 ceteris
1258 565 1323 632 sibi
1344 565 1397 630 ad-

243 673 371 756 rogauit
385 679 483 756 poeta
498 673 705 756 Byzantinus,
724 691 788 753 qua
803 669 927 736 ardoris
943 667 1198 753 magnitudinem
1213 668 1401 752 comprobat

244 779 356 857 etqua
374 773 505 840 diuitias
528 779 561 839 et
582 792 715 839 munera
730 771 883 839 describit
898 769 1127 855 Polyphemus.
1164 769 1301 834 Nicetae
1316 769 1399 834 enim

243 894 357 942 uersus
379 875 438 956 VI,
455 877 624 938 507-514
653 864 780 940 dilata'ti
808 879 881 940 sunt
908 871 1095 938 Theocritei
1122 869 1167 936 id.
1182 870 1245 953 XI,
1263 873 1399 952 50-53,

243 976 315 1043 Nic.
332 976 577 1058 V1,517-525
606 973 721 1042 diffioti
751 994 792 1040 ex
820 974 1022 1040 Theocriteis
1043 973 1106 1054 XI,
1123 973 1261 1036 34—37.
1285 976 1398 1053 40sq.;

242 1078 284 1145 of.
308 1077 406 1143 etiam
431 1076 501 1141 Nic.
518 1075 576 1156 VI,
595 1078 656 1139 530
665 1097 713 1160 sq.
737 1097 763 1141 o.
785 1075 922 1141 Theoor.
944 1074 1007 1157 XI,
1023 1076 1168 1137 42-44.
1212 1071 1399 1138 Notandum

243 1185 353 1244 tamen
384 1182 447 1260 est,
479 1176 566 1259 qnod
593 1177 790 1261 Byzantinus
815 1174 1029 1242 Alexandrini
1055 1179 1173 1259 poetae
1202 1172 1400 1257 pedisequus

243 1279 375 1345 diuitias
398 1277 551 1362 Cyclopis
573 1277 784 1362 amplificabit
805 1278 929 1345 addens
951 1283 1080 1362 practer

491 1375 589 1453 κύνας
611 1380 670 1456 (τε)
695 1377 840 1459 πολλάς,
865 1373 998 1463 ἀγρίας,
1022 1373 1237 1451 λοκσκτόνσος
1266 1379 1310 1455 (u.
1328 1376 1399 1452 519)

243 1500 296 1546 uu.
313 1482 468 1564 523sqq.:
492 1476 598 1565 σμήνη
620 1479 784 1560 μελιττῶν
806 1475 892 1566 ὑπὲρ
915 1475 1117 1565 ἑξηκοντάόο

491 1581 547 1644 καὶ
569 1577 727 1663 κισσύβια
748 1584 903 1662 τεχνικῶς
924 1581 1131 1666 γεγλυμμένα

490 1683 546 1747 καὶ
570 1679 740 1766 δορκάδων
764 1675 892 1768 ἄμετρα
914 1667 1088 1768 δερμάτων
1112 1677 1228 1765 σκύτη,

243 1801 328 1866 quae
342 1783 438 1848 facile
460 1783 548 1849 illius
571 1784 734 1866 ingeniolo
757 1785 961 1870 imputamus.
1000 1783 1105 1850 Canes
1121 1782 1207 1848 enim
1222 1780 1399 1864 Cyclopem

244 1882 398 1950 habuisse
420 1889 456 1949 ut
477 1892 664 1950 uenatorem
694 1887 854 1968 intellegit
882 1904 972 1952 mens
996 1887 1093 1951 ctiam
1116 1883 1329 1966 Eugenianea
1356 1883 1399 1946 in·

242 1985 357 2067 ferior,
384 1986 573 2069 praesertim
596 2006 667 2051 oum
691 1987 780 2052 oanis
803 1993 996 2052 memoretur
1018 1986 1106 2070 apud
1128 1983 1265 2050 Theoor.
1288 1983 1399 2063 id.Vl,

243 2088 359 2169 9sqq.;
389 2087 499 2169 apium
521 2075 598 2153 uero
621 2087 752 2170 agmina
774 2089 972 2153 susurrantia
993 2087 1076 2154 adeo
1098 2086 1260 2170 pertinent
1282 2085 1327 2151 ad
1353 2105 1399 2150 re-

243 2187 404 2271 ceptaculi
425 2189 661 2272 amoenitatem,
685 2193 720 2253 ut
734 2188 891 2254 memoria
906 2189 1019 2253 talium
1035 2191 1189 2270 locorum,
1211 2192 1247 2252 ut
1261 2187 1397 2254 Theoer.

242 2286 281 2370 V,
294 2291 335 2350 45
343 2306 413 2370 sqq.
429 2288 500 2371 VII,
516 2292 653 2372 135sqq.
670 2291 712 2355 al.
735 2288 797 2356 hoc
813 2289 911 2356 decus
927 2289 1079 2374 Cyclopis
1097 2294 1188 2354 antro
1211 2288 1398 2356 adiunxisse

244 2387 351 2454 uideri
368 2389 480 2472 possit.
518 2390 640 2456 Pocula
655 2396 762 2456 autem
784 2391 842 2456 illa
864 2390 1035 2457 artificiose
1059 2390 1189 2457 edolata
1211 2392 1331 2458 clarius
1353 2409 1397 2456 re·

243 2488 356 2555 dolent
384 2490 546 2573 scalprum
574 2493 775 2558 celeberrimi
808 2493 916 2576 poculi
945 2493 1034 2576 apud
1063 2491 1199 2558 Theocr.
1219 2492 1250 2575 1,
1268 2495 1396 2576 27sqq,

243 2596 470 2674 praeterquam
494 2591 581 2674 quod
603 2593 681 2658 talia
702 2595 826 2677 passim
856 2601 1024 2660 occurrunt
1052 2613 1184 2659 munera
1211 2593 1396 2677 pastoralia,

243 2713 341 2776 quam
369 2698 405 2757 ut
432 2691 563 2758 aliunde
592 2694 766 2777 sumpsisse
796 2714 983 2761 censeamus
1012 2695 1177 2778 Nicetam,
1212 2695 1267 2776 qni
1302 2696 1396 2760 etiarn

243 2795 360 2860 molles
382 2794 484 2878 pelles
506 2793 736 2860 recordabatur
758 2815 778 2859 a
800 2796 982 2878 pastoribus
1004 2795 1130 2861 laudari
1154 2796 1194 2860 of.
1210 2795 1348 2862 Theocr.
1360 2793 1395 2876 V,

243 2899 468 2978 ausoauso.
513 2896 608 2979 Legit
637 2901 745 2962 autem
774 2895 970 2979 Byzantinus
1000 2900 1098 2964 etiam
1127 2895 1218 2980 idyll.
1233 2897 1294 2979 VI,
1327 2915 1394 2963 cum

243 2997 401 3062 Galateae
424 3017 595 3082 personam
626 3017 667 3062 ex
697 2998 789 3064 istius
813 2999 946 3081 eclogae
970 2999 1155 3065 charactere
1184 2999 1246 3065 sibi
1275 2999 1395 3064 confor-

243 3099 347 3182 marit,
370 3101 517 3180 quamuis
540 3118 710 3183 perperam
730 3098 897 3182 collegerit
919 3098 1013 3184 diligi
1035 3121 1055 3165 a
1075 3098 1220 3184 nympha
1235 3099 1393 3184 Polyphe-

243 3219 331 3265 mum
354 3200 392 3265 of.
409 3201 464 3283 VI,
482 3202 637 3282 504sqq.:
1131 3211 1132 3214 ’

468 3296 505 3363 τὸ
531 3297 649 3364 λάσιον
671 3298 733 3386 γὰρ
758 3297 969 3384 ἐβδελύττετο
992 3301 1096 3366 πλέον

470 3402 621 3486 φυγοῦσα
643 3397 702 3466 τὸν
726 3402 906 3488 φιλοῦντα·
930 3398 1017 3487 πλὴν
1040 3399 1172 3487 ἔστεργέ
1193 3425 1252 3484 μοι

468 3499 586 3585 μήλοις
607 3499 725 3584 μόνοις
745 3501 917 3587 βάλλουσα
939 3515 1070 3585 μικροῖς
1092 3499 1151 3568 τὸν
1172 3506 1285 3588 μέγαν.

243 3603 282 3670 ef.
300 3606 362 3668 534
372 3620 435 3683 sq.:
470 3593 528 3664 σύκ
551 3599 641 3667 ’ἐστιν
665 3599 698 3668 ἓν
722 3606 777 3668 σοὶ
799 3605 918 3689 μῆλον,
943 3596 980 3669 σύ
1002 3601 1120 3688 γλυκύς
1141 3605 1261 3688 γέλως,

470 3695 591 3778 ὁποῖος
612 3688 652 3787 ἦν
674 3700 716 3766 τὰ
739 3707 861 3786 πρῶτα
883 3708 941 3790 τῆς
963 3704 1143 3793 Νηρηΐδος.

241 3808 311 3873 Neo
333 3807 464 3889 mirum,
495 3804 581 3888 quod
605 3805 714 3870 omnia
737 3825 795 3870 sua
816 3807 991 3874 Theocrito
1015 3808 1113 3874 debet
1134 3806 1195 3873 hac
1224 3808 1258 3872 in
1287 3805 1390 3873 fabula

241 3909 437 3993 Byzantinus
461 3908 631 3993 spoliator,
662 3927 735 3975 cum
764 3906 852 3973 haud
880 3929 952 3974 raro
982 3910 1200 3976 bucolicorum
1228 3915 1388 3992 poetarum
