3028 4672
282 249 341 308 186
640 246 771 315 Georgius
789 245 922 302 Ricardus
939 246 1056 302 Hollsnd

280 443 348 490 sam
369 440 456 503 uero,
478 440 534 488 our
554 420 751 486 Philoxenus
773 439 915 486 amorem
936 420 1137 505 potissimum
1158 417 1353 503 Polyphemi
1378 421 1428 486 in-

281 523 417 604 duxerit,
439 541 503 588 non
525 523 594 588 sinc
617 522 832 588 controuersia
853 521 981 587 tradunt
1002 526 1158 587 auctores.
1191 520 1324 604 Legitur
1338 522 1429 597 enim

280 645 331 710 ap.
354 623 454 690 schol.
470 621 605 690 Theocr.
621 624 675 707 VI,
689 627 724 688 7:
753 624 878 707 Δοῦρίς
906 642 991 708 φησι
1019 618 1075 687 διὰ
1096 617 1156 704 τήν
1179 613 1336 704 εὐβοσίαν
1357 624 1427 687 τῶν

278 722 483 810 θρεμμάτων
503 726 560 790 καὶ
581 725 641 789 τοῦ
667 722 829 808 γάλακτος
857 721 1115 808 πολυπλήθειαν
1136 720 1194 789 τδν
1215 721 1428 811 Πολύφημον

281 825 486 912 ἱδρύσασθαι
509 823 598 912 ἱερὸν
620 823 714 910 παρὰ
741 828 781 911 τῇ
802 823 913 912 Α’ίτνη
937 825 1133 901 Γαλατείας.
1178 823 1359 901 Φιλόξενον
1391 825 1428 890 δὲ

278 925 337 994 τὸν
364 926 538 1014 Κυθήριον
567 925 818 1014 ἐπιδημήσαντα
846 928 902 993 καί
933 925 977 1014 μή
1008 926 1187 1010 δυνάμενον
1217 929 1337 1013 νοήσαι
1364 923 1427 1013 τὴν

281 1031 392 1098 αἰτίαν
408 1023 611 1110 άναπλάσαι,
635 1021 688 1096 ὅτι
702 1028 910 1117 Πολύφημος
922 1022 988 1116 ήρα
1002 1031 1060 1115 τῆς
1076 1029 1271 1106 Γαλατείας.
1305 1030 1427 1098 Contra

279 1133 463 1202 Athenaeus
483 1134 500 1197 I
523 1152 555 1216 p.
571 1133 663 1196 ef—
677 1137 723 1198 7a
751 1133 862 1199 refert:
897 1134 1080 1214 συνεμέθυε
1109 1130 1145 1196 δέ
1173 1134 1222 1217 τη]
1253 1129 1426 1218 Φιλοξένῳ

277 1229 384 1320 ήδέως
411 1229 429 1300 δ
452 1231 641 1310 Διονύσιος.
679 1230 754 1298 ἐπεὶ
782 1233 818 1299 δέ
844 1231 904 1320 τήν
932 1231 1096 1321 ἐρωμένην
1119 1232 1305 1300 Γαλάτειαν
1334 1232 1426 1320 ἐφω-

279 1335 370 1423 ράθη
393 1335 614 1423 διαφθείρων,
637 1333 764 1413 εἰςτὰς
787 1336 949 1418 λατομίας
971 1333 1151 1423 ἐνεβλήθη·
1182 1333 1215 1401 ἐν
1239 1334 1294 1412 αῖς
1315 1339 1426 1403 ποιῶν

279 1435 338 1504 τάν
358 1437 529 1504 Κύκλωπα
555 1441 716 1526 συνέθηκε
743 1434 801 1504 τὸν
822 1440 933 1521 μύθου
956 1437 1003 1515 εἰς
1031 1435 1069 1504 τδ
1091 1439 1170 1524 περὶ
1201 1433 1303 1504 αύτδν
1331 1438 1425 1524 γενύ-

278 1564 378 1623 μενον
405 1537 536 1619 πάθος,
567 1536 625 1605 τδν
652 1539 712 1622 μὲν
737 1538 918 1606 Διονύσιον
938 1528 1110 1605 Κύκλωπα
1137 1535 1424 1628 ὑποστησάμενος,

278 1640 338 1728 τήν
360 1635 393 1708 δ’
412 1635 593 1730 αύλητρίδα
616 1640 811 1722 Γαλάτειαν,
835 1638 952 1708 ἑαυτὸν
975 1634 1007 1706 δ’
1029 1633 1200 1709 Ὀδυσσέα.

362 1747 518 1833 Apparet,
540 1765 605 1828 qua
625 1746 659 1810 in
679 1765 714 1810 re
736 1744 909 1812 discrimen
931 1746 1070 1828 positum
1092 1747 1142 1811 sit.
1176 1745 1273 1812 Duris
1294 1745 1424 1815 Samius

279 1850 417 1931 primum
431 1841 617 1930 Cytherium
632 1852 761 1929 poetam
783 1845 824 1912 de
847 1867 905 1912 suo
926 1845 1058 1912 finxisse
1073 1866 1215 1912 amorem
1228 1847 1425 1932 Polyphemi

279 1951 313 2014 in
335 1947 504 2016 Galateam
525 1946 618 2029 dicit,
648 1946 833 2014 Athenaeus
854 1945 1001 2030 mythum
1030 1948 1194 2032 uulgatum
1222 1950 1264 2015 ab
1293 1951 1352 2017 illo
1380 1952 1424 2018 ad

278 2051 443 2135 propriam
464 2054 582 2115 sortem
600 2053 745 2132 aptatum
760 2068 840 2116 csse.
874 2049 937 2114 Per
958 2053 994 2115 se
1007 2046 1167 2115 Athenaei
1188 2053 1328 2118 narratio
1352 2073 1424 2138 spe·

279 2152 362 2219 ciem
376 2152 521 2218 ueritatis
535 2169 613 2235 prae
628 2168 663 2215 se
679 2150 749 2232 fert,
772 2169 845 2216 cnm
865 2151 944 2216 talia
965 2149 1097 2216 deorum
1118 2150 1315 2235 heroomque
1339 2175 1424 2222 com·

278 2254 398 2320 mercia
418 2274 482 2321 non
503 2273 524 2318 a
543 2254 649 2338 poetis
670 2251 837 2338 tingantur,
861 2250 919 2319 sed
941 2271 983 2318 ex
1004 2251 1223 2336 mythologice
1243 2255 1335 2339 uulgi
1358 2279 1424 2324 mc·

279 2356 382 2422 moria
396 2360 568 2421 sumantur.
601 2355 708 2438 Atque
724 2361 772 2421 est
786 2355 883 2421 Duris
898 2354 1025 2421 Samius
1040 2353 1158 2419 dubiae
1172 2353 1249 2420 fidei
1264 2363 1378 2425 auctor
1387 2363 1423 2442 ¹);

280 2475 473 2540 quamquam
494 2455 580 2538 quod
601 2458 708 2540 priore
729 2457 800 2524 loco
825 2456 957 2523 exhibet
978 2455 1161 2523 condidisse
1183 2456 1422 2541 Polyphemum

279 2564 410 2642 propter
431 2556 590 2642 pecudum
610 2576 864 2641 pascuorumque
891 2559 1120 2642 praestantiam
1148 2564 1181 2625 et
1208 2560 1301 2627 lactis
1330 2564 1424 2630 uber·

279 2665 378 2725 tatem
393 2659 435 2724 ad
450 2657 587 2723 Aetnam
601 2664 743 2724 montem
758 2657 913 2724 Galateac
926 2660 1035 2734 fanum
1054 2678 1169 2726 reuera
1190 2660 1319 2728 uidetur
1341 2667 1424 2734 inter

280 2761 406 2828 Siculos
428 2760 516 2825 fama
538 2760 702 2843 uulgatum
723 2759 838 2844 fuisse,
867 2782 939 2828 oum
960 2762 1119 2828 Lucienus
1142 2781 1268 2845 quoque
1291 2765 1333 2832 dc
1357 2787 1423 2833 ner.

279 2864 353 2932 hist.
369 2867 399 2944 2,
416 2865 434 2927 3
457 2862 611 2946 templum
626 2860 781 2928 Galateae
802 2862 952 2930 Nereidis
973 2865 1007 2930 in
1028 2863 1176 2930 fabulosa
1197 2864 1303 2931 insula
1324 2868 1424 2936 fuisse

278 2972 386 3034 narret
402 2965 453 3046 (of.
469 2964 558 3030 Iahn.
575 2964 594 3029 l.
608 2963 629 3029 l.
645 2981 676 3047 p.
690 2968 767 3046 4113
789 2965 918 3048 Helbig.
934 2967 955 3030 1.
968 2966 988 3030 l.
1005 2984 1036 3048 p.
1050 2967 1133 3040 361).
1166 2965 1299 3031 Errasse
1313 2973 1425 3033 autem

278 3069 435 3136 Doridem
461 3067 526 3133 iam
552 3067 711 3132 intellexit
736 3065 937 3150 Bergleinius
958 3087 990 3150 p.
1007 3071 1048 3130 44
1059 3086 1146 3149 sqq,
1176 3068 1231 3149 qui
1259 3075 1347 3134 recte
1376 3070 1424 3140 sio

278 3191 346 3236 rem
369 3172 431 3238 sibi
453 3168 625 3252 constituit,
647 3175 682 3234 ut
697 3168 852 3236 Galatoae
871 3161 1022 3234 ‘nominis
1044 3169 1288 3254 originationem
1303 3169 1421 3238 Siculis

279 3273 327 3336 rei
348 3273 519 3356 pecuariae
540 3272 696 3356 imprimis
719 3272 836 3339 deditis
857 3290 968 3338 ansam
989 3261 1132 3337 dedisee'
1157 3270 1346 3356 affirmaret,
1373 3266 1423 3340 ‘ut

279 3373 313 3437 in
333 3371 496 3456 nymphae
519 3376 661 3440 marinae
682 3375 778 3441 simul
798 3374 900 3440 tutela
919 3371 1060 3456 pecudes
1076 3391 1147 3439 esse
1163 3373 1329 3440 crederent
1350 3395 1423 3459 gre·

279 3492 419 3557 gumqno
434 3475 607 3541 secundum
621 3481 812 3558 prouentum
826 3495 898 3543 oum
913 3476 1005 3541 lactis
1022 3475 1166 3540 ubertate
1188 3472 1231 3539 ad
1253 3493 1325 3540 eam
1347 3496 1423 3544 auc-

278 3582 381 3642 torem
401 3574 555 3641 referrent
575 3577 627 3653 (cf.
644 3576 787 3642 llustath.
802 3597 834 3660 p.
846 3579 937 3659 1131,
951 3581 969 3640 5
982 3595 1051 3659 sqq.
1074 3577 1165 3659 1622,
1177 3568 1311 3659 21sq.l³.
1350 3576 1425 3656 Qua

280 3676 430 3761 opinione
446 3674 534 3742 ducti
552 3679 649 3742 etiam
663 3676 897 3762 Polyphemum
919 3677 1069 3742 uidentur
1090 3676 1156 3742 fani
1178 3678 1264 3744 illius
1286 3679 1425 3748 fortasse

278 3799 393 3846 reuera
420 3784 551 3862 propter
583 3780 719 3846 faustam
749 3779 987 3862 nauigationem
1015 3779 1192 3846 consecrati
1224 3779 1426 3850 conditorem

278 3889 481 3902 —————-

366 3933 390 3998 1)
407 3927 529 3983 Mueller.
538 3926 572 3981 tr.
582 3926 646 3982 hist.
656 3928 703 3982 Gr.
714 3928 742 3983 11
756 3944 783 3998 p.
794 3932 851 3984 468.
862 3927 1003 3983 Eokertra
1022 3927 1055 3982 de
1068 3927 1170 3982 Duride
1182 3928 1271 3986 Samio
1289 3930 1427 4001 imprimis

279 4014 312 4069 de
330 4015 387 4069 eius
404 4016 433 4069 in
450 4013 531 4070 rebus
549 4013 686 4070 tradendis
703 4012 767 4081 tide,
786 4013 871 4069 Bonn.
884 4016 949 4070 1842
966 4030 993 4083 p.
1005 4017 1045 4069 te.
