2998 4674
283 233 345 292 266
648 233 778 302 Georgius
796 233 930 288 Ricardus
946 233 1066 289 Holland

283 412 446 472 auctorem
461 406 716 473 Alexandrinum
731 408 950 489 quaestionem
964 409 1165 474 retractaturi
1187 413 1220 474 et
1237 409 1422 474 sententiam
1467 365 1468 376 ἵ

284 508 471 591 stabilituri,
494 509 687 592 simulatque
709 509 751 576 de
773 508 875 576 Aoide
898 511 1151 594 exposuerimus.

746 812 873 890 cnm
897 816 966 892 IX.

650 962 709 1040 De
735 965 866 1042 Acidis
888 991 1060 1068 persono.

368 1119 420 1183 De
441 1118 544 1186 Aoide
572 1119 682 1185 fabula
708 1122 846 1204 primum
875 1123 971 1188 obuia
998 1119 1087 1205 apud
1113 1119 1283 1204 ouidium’
1316 1119 1425 1186 deinde

283 1222 405 1307 passim
426 1221 564 1304 repetita
585 1222 671 1304 apud
693 1229 806 1307 poetas
827 1225 959 1290 Latinos
981 1223 1144 1307 uergentis
1166 1224 1239 1289 aeui
1269 1222 1353 1288 haec
1374 1227 1424 1287 est.
1467 1237 1468 1266 ¹

283 1324 370 1405 Acis,
393 1323 478 1390 filius
493 1323 596 1390 Fauni
612 1331 644 1390 et
662 1325 834 1411 nymphae,
858 1325 1026 1410 Symaethi
1047 1325 1137 1392 fluuii
1159 1323 1257 1408 filiae,
1281 1324 1425 1407 egregiae

283 1425 405 1491 formae
428 1423 618 1492 adulescens
640 1426 797 1495 Galateae
823 1429 934 1495 fauore
957 1430 1128 1496 conciliato
1157 1428 1304 1494 aemulus
1331 1427 1426 1492 factm

283 1527 476 1612 Polyphemi
498 1547 571 1593 cum
593 1529 722 1610 quando
744 1536 885 1597 amatam
906 1532 1019 1598 fouens
1041 1552 1062 1596 a
1080 1529 1233 1614 Cyclope,
1257 1530 1315 1612 qui
1337 1527 1425 1593 modo

283 1631 400 1697 frustra
428 1633 551 1698 musica
578 1639 647 1698 arte
675 1633 816 1699 mulcere
844 1633 1009 1699 studuerat
1035 1633 1164 1718 puellae
1192 1631 1331 1714 fastum,
1359 1651 1425 1696 con-

284 1738 412 1816 spectus
427 1733 479 1816 sit,
501 1734 612 1817 fugam
627 1735 767 1819 capessit
782 1734 919 1801 Galatea
940 1742 1108 1819 paternum
1129 1753 1265 1818 regnum
1286 1739 1424 1816 petente,

283 1833 342 1900 sed
357 1834 504 1902 immanis
519 1837 703 1902 iaculatoris
719 1856 798 1903 saxo
814 1836 966 1902 obruitur.
998 1837 1135 1903 Galatea
1149 1842 1281 1902 auctore
1296 1834 1425 1916 resurgit

283 1941 406 2001 amatus
422 1937 506 2002 mole
528 1935 672 2004 hiscente
695 1957 867 2005 conuersus
889 1939 923 2003 in
944 1937 1076 2004 fluuium
1099 1937 1213 2004 eodem
1234 1938 1364 2004 nomine
1384 1936 1423 1998 in-

284 2040 417 2123 signem.
461 2038 555 2104 Nouo
578 2038 675 2122 igitur
696 2040 827 2105 inuento
849 2040 1008 2106 inducitur
1030 2039 1182 2122 Galatea,
1212 2059 1299 2122 quae
1320 2037 1424 2103 hucus-

284 2160 346 2224 que
361 2140 556 2224 Polyphemi
570 2148 693 2208 aestum
707 2142 861 2225 illuserat,
884 2142 957 2227 ipsa
970 2144 1087 2209 amoris
1105 2143 1138 2206 ui
1158 2148 1310 2226 correpta
1330 2157 1423 2222 neque

283 2245 420 2328 amplius
435 2263 585 2328 asperum
600 2263 731 2310 seruans
746 2244 896 2310 animum.
930 2243 986 2310 Sic
1007 2252 1119 2312 auctus
1141 2244 1270 2309 fabulae
1295 2243 1420 2310 ambitus

282 2366 368 2411 noua
389 2346 511 2411 lumina
533 2345 660 2412 addidit
681 2346 875 2431 Polyphemi
896 2347 1019 2431 ardori,
1042 2347 1094 2412 cui
1115 2345 1303 2429 adiungitur
1325 2345 1421 2412 zelo·
1467 2335 1468 2350 ¹

281 2449 416 2531 typia,
445 2467 541 2530 quam
568 2454 701 2515 naturae
729 2450 865 2515 ueritate
896 2450 1075 2534 exprimere
1103 2468 1168 2513 non
1197 2449 1309 2514 omisit
1339 2451 1424 2531 poeta

282 2550 401 2615 amoris
416 2548 567 2615 fluctuum
587 2548 675 2615 haud
697 2551 880 2633 imperitus;
903 2571 963 2617 nec
984 2551 1089 2616 minus
1110 2550 1187 2614 uiuo
1210 2550 1320 2616 colore
1343 2567 1423 2614 eror-

283 2651 374 2716 nauit
388 2652 596 2717 mutationem
611 2649 827 2718 adulescentis
842 2652 965 2718 duabus
983 2653 1016 2717 in
1035 2651 1085 2718 his
1105 2652 1199 2718 rebus
1222 2672 1280 2719 suo
1304 2649 1424 2734 ingenio

283 2753 463 2837 indulgens.

361 2855 412 2921 Ab
428 2854 491 2920 hac
505 2853 687 2921 narratione
699 2853 861 2921 Ouidiaua
871 2855 1020 2921 uidentur
1033 2857 1209 2940 pleraeque
1221 2876 1306 2941 quae
1321 2861 1426 2940 postea

284 2965 452 3025 occurrunt
466 2957 644 3022 mentiones
661 2957 834 3040 proiectae.
872 2956 1080 3024 Consentiunt
1100 2958 1134 3023 in
1155 2960 1343 3025 uniuersum
1363 2976 1423 3038 my·

283 3059 471 3146 thcgraphi:
500 3059 590 3125 Seru.
606 3059 649 3126 ad
663 3059 758 3144 Verg.
775 3061 833 3125 ecl.
852 3059 910 3143 IX,
926 3060 982 3123 39:
1009 3052 1186 3126 ‘Theocriti
1208 3080 1321 3126 uersus
1344 3062 1422 3126 sunt:

284 3160 445 3242 ἓξέλθοις,
468 3158 645 3240 Γαλάτεια,
668 3162 725 3226 καὶ
747 3158 925 3238 ἓξελθοῑσα
940 3157 1074 3245 iduato,
1098 3163 1214 3244 quibus
1230 3161 1355 3229 inducit
1368 3160 1422 3242 (ly-

284 3268 409 3351 elopem
427 3287 529 3349 usum,
554 3285 625 3333 cum
646 3266 681 3330 in
703 3265 835 3350 scopulo
858 3263 973 3331 sedens
995 3265 1133 3329 amicam
1155 3284 1246 3330 suam
1261 3264 1422 3330 Galateam

285 3367 488 3434 deductibus
503 3370 654 3434 incitaret
668 3368 711 3433 ad
726 3374 836 3434 terras.
870 3366 1008 3452 Cyclops
1025 3367 1110 3431 enim
1125 3365 1240 3431 dicitur
1255 3363 1422 3450 nympham

285 3489 410 3536 amasse
433 3470 616 3536 Galateam:
639 3490 722 3553 quae
747 3491 818 3537 cum
839 3470 921 3535 Acin
943 3468 1102 3552 quendam
1125 3475 1287 3552 pastorem
1309 3467 1422 3535 amaret

285 3580 318 3641 et
332 3569 567 3655 Polyphemum
586 3578 760 3654 sperneret,
783 3573 839 3637 ille
861 3573 960 3638 iratus
975 3571 1058 3637 Acin
1079 3571 1216 3654 necauit,
1239 3573 1295 3654 qui
1317 3575 1422 3655 postea

285 3677 442 3744 Galateae
457 3673 662 3738 miseratione
680 3675 849 3740 insontem
870 3679 1009 3739 mutatus
1032 3678 1089 3754 est,
1113 3673 1168 3754 qni
1190 3670 1352 3756 hodieque
1368 3671 1419 3734 La·

284 3781 351 3845 tine
365 3777 488 3843 Acilius
510 3772 626 3860 dicitur
648 3769 700 3857 [ab
715 3775 802 3865 illius
816 3774 954 3840 nominis
969 3765 1194 3860 deriuationel'
1214 3773 1258 3840 ad
1279 3772 1419 3840 eundem·

286 3901 348 3964 que
376 3863 495 3947 fontem
525 3875 699 3942 reuocandi
726 3875 953 3960 mythographi
975 3875 1121 3943 Vaticani
1143 3877 1206 3960 l,5
1237 3877 1314 3955 (Mai
1336 3875 1417 3942 class.

285 3990 367 4048 auct.
379 3982 427 4047 III
440 4003 473 4067 p.
485 3983 526 4059 2).
549 3979 662 4063 Π,174
682 3977 749 4060 (1.1.
764 3981 880 4063 pili)
903 3985 936 4044 et
956 3977 1045 4045 Seru.
1061 3979 1105 4045 ad
1116 3980 1210 4065 Verg.
1223 3982 1281 4048 ecl.
1290 3981 1358 4064 VH,
1370 3978 1416 4042 37:
