3028 4672
260 188 322 246 168
624 183 756 253 Georgius
776 182 910 238 Ricardus
928 181 1046 238 Holland

260 360 422 444 satyricae
436 357 582 442 pepercit
603 357 662 422 fati
684 356 854 438 iniquitas:
877 353 1041 437 Euripidis
1058 354 1202 438 chlopi.
1238 352 1330 431 Quae
1345 358 1420 439 qui·

261 462 336 530 dem
358 460 467 525 fabula
491 478 553 540 quo
576 459 766 540 certamine,
798 478 869 523 cum
895 456 1011 538 quibus
1040 457 1209 522 coniuncta
1237 457 1420 541 tragoediis

260 569 335 630 acta
350 562 391 628 sit
405 562 575 643 nescimus,
598 580 704 644 neque
725 564 854 644 praesto
877 563 951 624 sunt
973 576 1012 622 ea
1033 555 1154 622 indicia
1176 557 1420 643 chronologica,

261 684 344 748 quae
367 665 400 728 in
423 661 538 729 ceteris
561 662 677 728 fabulis
700 681 735 728 sc
758 659 895 726 offerunt
917 677 959 722 ex
981 657 1168 725 didascaliis
1186 665 1242 726 aut
1260 663 1421 745 temporis

260 766 354 832 tectis
377 763 662 848 significationibus
684 765 795 847 petita,
819 760 876 826 sed
899 760 970 826 sola
992 779 1033 826 ex
1054 762 1189 826 metrica
1209 763 1335 828 ratione
1357 764 1421 830 ali·

261 868 340 951 quid
362 873 469 951 potest
484 864 640 948 concludi,
664 855 726 930 etsi
749 864 891 928 fabulam
908 862 1080 943 satyricam
1102 863 1254 929 liberiore
1275 884 1337 930 666
1360 884 1420 930 ex·

262 971 398 1035 saltasse
413 986 519 1050 neque
535 987 606 1032 cum
621 965 861 1049 tragoediarum
876 963 1105 1029 consuetudine
1122 967 1302 1051 comparari
1318 986 1421 1049 posse

262 1077 296 1136 61
323 1088 438 1154 perse
465 1073 712 1134 consentaneum
741 1072 790 1132 est
818 1072 851 1131 et
879 1064 1070 1130 testimoniis
1100 1071 1244 1132 ueterum
1273 1066 1422 1133 firmatur

262 1171 303 1237 cf.
327 1169 427 1236 661161.
444 1169 487 1235 ad
503 1167 680 1252 Hephaest.
703 1189 735 1252 p.
751 1168 811 1231 183
834 1167 970 1244 (86161).
1015 1166 1167 1233 Attamen
1196 1169 1252 1250 qui
1279 1170 1421 1235 trimetri

263 1271 395 1336 iambici
416 1273 573 1336 rationem
595 1270 735 1336 curatius
752 1270 989 1350 examinarere,
1013 1268 1081 1334 iure
1103 1268 1253 1335 uidentur
1275 1275 1422 1336 statuere

263 1379 427 1439 extremae
457 1371 622 1458 Euripidis
656 1372 754 1437 aetati
788 1370 870 1435 11666
903 1370 1045 1434 fabulam
1077 1369 1313 1454 adsignandam
1346 1391 1422 1438 esse

263 1475 304 1540 cf.
320 1475 468 1559 Rumpel.
480 1472 597 1540 Philol.
609 1473 720 1539 XXIV
735 1475 853 1556 6.4118;
877 1472 912 1537 O.
920 1473 956 1536 F.
965 1473 1124 1539 Mueller:
1148 1473 1189 1539 de
1204 1473 1421 1556 pedibsolut.

262 1577 297 1642 in
313 1575 389 1641 dial.
402 1596 504 1642 senar.
518 1573 634 1642 Aesch.
648 1573 747 1659 86611.
761 1575 834 1638 Eur.
859 1575 965 1638 Berol.
980 1575 1061 1638 1866
1084 1561 1116 1657 p.
1126 1577 1186 1637 143
1205 1579 1269 1639 not.
1284 1577 1319 1657 33
1342 1596 1422 1641 nam

263 1677 462 1743 Zirndorferi
484 1676 537 1753 (de
560 1677 702 1744 chronol.
718 1676 782 1741 fab.
801 1677 911 1759 Eurip.
927 1675 1028 1740 Marb.
1052 1678 1134 1740 1839
1162 1697 1193 1760 p.
1209 1676 1339 1758 110qu
1371 1698 1422 1743 ar·

263 1785 425 1862 gumenta,
449 1779 504 1859 qui
523 1783 656 1862 propter
672 1775 895 1860 Aristophanis
910 1776 1051 1841 Nubium
1066 1777 1223 1859 quosdam
1238 1779 1339 1860 locos,
1365 1780 1422 1862 qui

264 1879 307 1943 ad
322 1879 412 1942 illam
427 1879 570 1943 fabulam
588 1877 732 1943 alludere
756 1879 786 1942 ei
808 1877 967 1960 uidentur,
991 1898 1063 1943 eam
1085 1886 1158 1945 ante
1181 1899 1210 1944 6.
1227 1883 1288 1944 423
1311 1887 1423 1946 661616

265 1984 390 2064 666661,
418 1979 508 2044 facili
534 1979 664 2062 negotio
687 1977 838 2061 redargui
860 1985 1002 2062 possunt.
1041 1979 1175 2046 Videtur
1197 1989 1305 2048 autem
1328 1983 1422 2048 Euri·

264 2081 359 2165 pides
374 2081 576 2164 potissimum
592 2079 686 2145 huius
701 2079 790 2144 modi
805 2086 1003 2164 argumenta,
1023 2082 1138 2163 quibus
1154 2084 1308 2149 animalia
1322 2104 1422 2169 prop·
1496 2125 1497 2164 3

264 2191 314 2250 ter
343 2185 458 2249 uirium
486 2181 742 2265 magnitudinem
771 2183 825 2247 661
855 2202 978 2248 morum
1006 2184 1205 2250 ferocitatem
1234 2185 1422 2253 hominibus

265 2287 398 2352 inimica
420 2291 452 2351 61
474 2284 588 2350 odiosa
610 2283 736 2350 debitas
754 2284 831 2350 dant
853 2304 984 2369 poenas,
1006 2306 1086 2369 6166
1102 2289 1218 2353 6616116
1237 2288 1422 2375 adamasse,

267 2388 418 2470 quoniam
436 2388 539 2452 maior
560 2405 636 2470 pars
658 2405 774 2451 nouem
798 2387 852 2468 qui
875 2387 984 2452 traditi
1007 2394 1080 2454 sunt
1101 2390 1322 2455 titulorum-ad
1337 2393 1422 2459 tales

266 2507 318 2554 res
342 2494 480 2572 spectat,
510 2489 611 2553 ueluti
633 2486 765 2570 Sylcus,
789 2489 927 2572 Busiris,
950 2488 1057 2571 86116,
1082 2481 1296 2575 Eurystheus,
1319 2492 1423 2560 Auto-

265 2590 368 2672 lycus.
413 2589 565 2672 (lyolopis
595 2595 702 2655 autem
730 2596 952 2672 argumentum
975 2591 1136 2672 quomodo
1166 2594 1356 2678 uariauerit,
1389 2603 1425 2662 ut

265 2691 343 2757 noui
367 2691 444 2774 quid
459 2690 705 2756 Atheniensium
727 2691 837 2756 subtili
858 2690 979 2756 iudicio
1001 2694 1196 2775 propinaret,
1220 2694 1352 2762 difficile
1374 2706 1425 2764 est

265 2799 448 2878 perspectu,
471 2812 510 2858 66
525 2791 697 2874 difficilius,
721 2792 807 2874 quod
829 2813 870 2857 66
891 2793 1013 2875 6116166
1029 2793 1160 2874 quidem
1182 2797 1321 2880 satyrico
1344 2798 1423 2865 cha·

266 2901 390 2961 ractere
412 2894 577 2976 tractauit,
607 2912 670 2975 quo
693 2892 901 2960 hauddubie
924 2895 1015 2977 quasi
1037 2914 1122 2960 nouo
1144 2896 1265 2963 lumine
1288 2919 1424 2984 aspersa

267 3003 318 3064 est
340 3016 496 3082 expressa
518 2996 636 3077 imago.
675 2995 759 3060 Nam
783 3016 855 3062 cum
870 2995 1009 3080 Cyclops
1032 2998 1137 3062 subito
1160 3018 1243 3065 nono
1267 3003 1424 3070 comitatu

268 3100 390 3165 cinctus
413 3099 469 3181 sit,
499 3116 603 3163 nouae
627 3116 661 3162 66
683 3098 841 3182 praebent
861 3119 959 3165 ansae
982 3099 1078 3164 solita
1104 3100 1267 3185 nariandi,
1297 3102 1423 3188 figurae

268 3202 466 3265 inueteratae
480 3199 616 3264 aliorum
631 3200 860 3266 consuetudine
876 3202 1029 3267 arcessita
1050 3201 1222 3267 mutandae
1244 3209 1342 3287 atque
1365 3226 1423 3272 611-

267 3299 461 3386 pingendae.
506 3303 544 3366 In
566 3302 708 3386 Cyclope
737 3308 844 3367 autern
868 3301 1042 3386 Euripideo
1072 3302 1284 3371 describendo
1307 3306 1343 3372 id
1364 3329 1422 3394 po-

268 3403 426 3468 tissimum
449 3422 636 3486 sequemur,
666 3408 700 3468 ut
723 3403 839 3486 quibus
860 3404 957 3470 rebus
979 3406 1020 3470 ab
1043 3405 1214 3471 Homerico
1243 3405 1422 3492 distingua-

269 3510 329 3586 tur,
351 3503 532 3569 accuratius
555 3522 650 3585 quam
673 3505 780 3572 adhuc
801 3506 920 3572 factum
943 3511 992 3572 est
1013 3512 1256 3590 perscrutemur.
1289 3507 1422 3593 Apartis

269 3605 378 3673 uerbis
406 3602 520 3670 8161116
551 3611 582 3669 61
611 3605 716 3672 Α6166
748 3628 838 3674 mons
869 3607 1067 3673 domicilium
1096 3607 1275 3692 Cyclopum
1304 3609 1421 3677 dicitur

270 3709 308 3774 of.
332 3726 384 3771 66.
405 3709 455 3770 20.
478 3709 794 3773 95.1oo.114.130.
817 3711 888 3772 298.
912 3711 983 3772 366.
1008 3711 1078 3773 395.
1102 3711 1173 3773 660.
1191 3711 1263 3774 703.
1307 3710 1421 3778 1111161-

268 3831 344 3877 nam
372 3814 482 3874 autem
512 3809 654 3892 speciem
683 3809 789 3893 166166,
806 3810 1000 3894 Polyphemi
1028 3808 1063 3873 in
1092 3812 1278 3878 uniuersum
1306 3813 1421 3878 eadem

270 3932 367 3994 quam
389 3911 548 3978 Homerus
570 3910 689 3994 praeiit
709 3911 850 3995 ratione,
879 3913 912 3977 in
934 3912 1069 3996 singulis
1097 3913 1200 3995 magis
1222 3933 1419 3981 consumma·
