3028 4672
280 213 343 272 184
639 211 770 280 Georgius
787 209 920 266 Ricardus
936 208 1055 266 Helland

281 392 314 454 et
334 386 424 452 uario
446 383 541 450 modo
563 382 605 449 ad
628 403 741 450 cenam
761 388 981 468 apparantem.
1018 382 1165 446 Primum
1190 382 1280 447 enim
1303 402 1430 466 corpora

280 485 433 554 discindit
447 486 481 550 in
495 485 622 568 singula
636 485 781 551 membra
791 485 825 565 1),
848 484 965 551 deinde
980 488 1088 568 partes
1110 489 1285 566 porrectas
1308 484 1341 549 in
1363 485 1429 551 ollis

281 589 398 671 coquit.
441 587 587 670 Apparet
611 593 718 653 autem
741 587 789 651 illi
811 580 853 649 τὰ
876 587 936 667 μέν
957 583 1155 669 respondere
1179 581 1368 651 debererit
1389 583 1428 668 δέ,
1488 621 1489 636 ι

281 709 344 773 quo
368 709 423 755 eas
445 694 553 771 partes
575 688 737 754 addiderit
758 694 870 771 poeta,
900 707 979 770 quas
1005 689 1090 754 ferus
1117 682 1178 752 ille
1209 707 1335 770 coquus
1363 688 1429 772 igne

280 785 454 873 assauerit3
472 796 667 874 quapropter
681 785 722 852 cd
735 787 869 874 διανεκῆ
878 791 960 874 μέρη
977 808 1105 856 sensum
1119 789 1351 875 adipiscuntur
1364 809 1428 872 por·

281 897 438 958 rectarum
459 892 597 974 partium
616 892 759 974 corporis
780 891 801 956 i.
818 911 845 956 e.
861 889 1084 958 bracchiorum
1098 910 1298 974 crurumque
1308 893 1331 968 2)
1345 910 1429 975 prae·

282 995 468 1060 stantiorem
484 992 572 1059 haud
586 992 683 1058 dubie
698 991 845 1076 Bipparti
867 993 989 1059 insulsa
1006 993 1239 1077 explicatione,
1264 993 1322 1075 qui
1342 1011 1429 1058 uoca-

281 1095 392 1162 bulum
425 1091 558 1178 διανικῆ
590 1092 633 1159 ad
665 1093 917 1177 magnitudinem
949 1095 1088 1177 partium
1118 1095 1289 1177 pertinere
1319 1098 1427 1160 censet.
1488 1153 1489 1192 η

280 1196 468 1279 Manifestus
483 1200 590 1260 autem
606 1201 654 1262 est
669 1215 740 1260 cum
756 1194 919 1278 Euripidis
934 1194 1077 1279 Cyclope
1092 1216 1252 1279 conexus,
1276 1196 1333 1278 qui
1349 1195 1425 1262 simi·

280 1299 345 1364 lem
361 1299 395 1363 in
409 1296 494 1381 dape
509 1295 763 1362 administranda
776 1295 1013 1362 distinctionem
1027 1298 1188 1382 expressit
1211 1318 1267 1362 uu.
1280 1300 1426 1379 402sqq.:

839 1399 895 1463 καὶ
916 1395 1144 1484 καθαρπάσας
1488 1407 1489 1424 ³

486 1497 599 1585 λάβρῳ
620 1503 768 1587 μαχαίρᾳ
791 1498 915 1587 σάρκας
936 1496 1070 1576 diduco
1092 1505 1193 1582 πυρί,

483 1598 525 1686 τᾷ
548 1592 581 1665 δ’
608 1599 655 1678 εἷς
676 1592 788 1688 λέβητ’
815 1598 934 1688 ἐφῆκεν
957 1599 1108 1686 ἕψεσθαι
1128 1603 1227 1690 μέλη.

281 1705 418 1788 Propter
432 1705 619 1770 tenuitatem
635 1710 742 1770 autem
757 1704 1005 1788 fragmentorum
1026 1706 1084 1770 uix
1105 1712 1195 1773 certo
1220 1707 1288 1773 dici
1307 1705 1424 1791 poterit,

282 1806 442 1888 quomodo
465 1807 676 1888 compositum
697 1807 793 1872 fuerit
812 1825 930 1890 poema
947 1806 1119 1872 Timothei.
1156 1808 1375 1874 Probabiliter
1393 1803 1424 1867 id

281 1911 405 1971 tantum
427 1910 565 1972 statuere
594 1908 770 1991 poterimus
798 1908 992 1973 luxuriatum
1019 1928 1089 1974 esse
1117 1916 1253 1992 poetam
1283 1910 1317 1975 in
1345 1908 1422 1974 uinu-

282 2006 382 2072 lentia
411 2006 603 2091 Polyphemi
633 2009 763 2090 uinique
793 2014 826 2073 et
851 2010 996 2092 potentia
1024 2014 1056 2074 ct
1083 2012 1288 2093 praestantia
1317 2006 1422 2076 descri-
1488 2038 1489 2111 η

281 2108 389 2175 benda
421 2113 564 2174 secutum
592 2108 791 2190 exemplaria
818 2110 950 2176 Homeri
981 2116 1012 2176 et
1041 2110 1225 2196 Euripidis,
1259 2108 1421 2178 Aristotele

283 2216 391 2277 autem
406 2216 487 2277 teste
502 2209 659 2278 nobiliore
677 2230 768 2276 usum
783 2210 934 2296 Cyclopis
956 2211 1180 2299 delineatione,
1206 2234 1344 2299 quacum
1358 2229 1421 2278 con·
1488 2198 1489 2264 l

283 2313 380 2378 sentit
402 2331 505 2378 sermo
527 2310 785 2394 fragmentorum.

598 2680 654 2746 De
676 2682 898 2750 Philoxeni
920 2685 1107 2753 dramate.

368 2817 455 2883 Bene
478 2814 611 2898 accidit,
638 2815 723 2898 quod
745 2816 787 2883 de
810 2817 872 2884 hoc
894 2838 991 2903 opere
1013 2824 1110 2905 paulo
1132 2826 1334 2892 accuratiora
1354 2817 1419 2887 seiri

162 2995 165 3016 1
283 2923 417 3003 possunt
431 2917 621 2984 testimoniis
636 2919 739 3002 magis
762 2937 859 3001 quam
879 2920 1076 3008 fragmentis,
1098 2944 1159 2992 nec
1181 2926 1351 2994 defuerunt
1371 2917 1418 3004 qui

282 3019 530 3104 redintegrando
553 3020 685 3086 carmini
713 3040 844 3107 operam
871 3031 1034 3091 nauarent.
1078 3026 1214 3094 Videtur
1242 3034 1363 3107 autem,
1389 3024 1419 3084 ut

282 3125 459 3190 uetustiora
480 3123 672 3206 omittamus,
698 3123 782 3190 intra
803 3144 903 3191 annos
921 3127 1129 3193 1843-1846
1153 3131 1245 3212 quasi
1267 3132 1417 3196 certamen

282 3222 483 3290 restaurandi
512 3230 614 3308 ortum
644 3244 714 3291 esse
741 3234 916 3310 praeeunte
944 3228 1143 3312 Bergleinio:
1178 3229 1219 3297 de
1247 3230 1416 3298 Philoxeno
1486 3303 1487 3318 η

284 3322 437 3408 cytherio
459 3323 545 3391 Gott.
560 3327 641 3390 1843
664 3329 930 3396 commentatione
952 3330 1100 3415 prudenti
1123 3331 1242 3400 iudicio
1264 3325 1416 3412 insignita-
1486 3325 1487 3406 J

283 3423 394 3491 Secuti
415 3431 488 3490 sunt
503 3426 617 3492 eodem
632 3446 716 3493 anno
730 3429 903 3514 Bippartus
918 3432 939 3497 l.
952 3433 983 3517 l.,
1006 3452 1035 3497 a.
1050 3433 1132 3496 1845
1153 3433 1253 3500 Maur.
1269 3425 1416 3502 Schmidt

370 3611 394 3672 1)
414 3605 454 3660 Cf.
473 3605 562 3676 Etym
575 3607 613 3662 M.
632 3623 659 3677 p.
671 3610 854 3676 270‚9adn0t.
873 3614 943 3678 (cod.
954 3614 1044 3680 Voss)
1069 3613 1311 3688 dropcapq‘uamc·
1335 3600 1415 3662 drani

282 3708 396 3763 parcre,
419 3687 635 3761 διαμερίσαντις·
658 3691 717 3745 οἷον
733 3692 850 3761 μεληδὸν
867 3683 1100 3768 διαρταμίσαντες
1123 3717 1157 3756 ex
1173 3697 1300 3756 Meinekii
1316 3692 1412 3750 conief·
1484 3709 1486 3724 ’

280 3783 345 3832 tura
361 3791 412 3846 pro
429 3771 556 3845 μηληδόα.

367 3867 393 3929 2)
411 3861 455 3920 Sic
476 3861 607 3915 intellexit
623 3859 828 3932 Dalecampius3
856 3864 890 3921 cf.
907 3865 1023 3936 Hesych.
1043 3864 1208 3936 διηνεκέσιν·
1232 3865 1412 3932 emungere

255 4003 257 4008 ,
281 3946 412 4020 μεγάλοις.
442 3945 596 4001 Meinekius
614 3947 705 4001 νῶτον
720 3943 838 4014 διηνεκές
854 3948 990 4019 intellegit.
