<?xml version="1.0" encoding="UTF-8"?>
<!DOCTYPE html PUBLIC "-//W3C//DTD XHTML 1.0 Transitional//EN"
    "http://www.w3.org/TR/xhtml1/DTD/xhtml1-transitional.dtd">
<html xmlns="http://www.w3.org/1999/xhtml" xml:lang="en" lang="en">
 <head>
  <title>
</title>
<meta http-equiv="Content-Type" content="text/html;charset=utf-8" />
  <meta name='ocr-system' content='tesseract 3.04.00' />
  <meta name='ocr-capabilities' content='ocr_page ocr_carea ocr_par ocr_line ocrx_word'/>
</head>
<body>
  <div class='ocr_page' id='page_1' title='image "./depolyphemoetga00hollgoog_0076.png"; bbox 0 0 3028 4672; ppageno 0'>
   <div class='ocr_carea' id='block_1_1' title="bbox 451 247 1233 317">
    <p class='ocr_par' dir='ltr' id='par_1_1' title="bbox 451 247 1233 317">
     <span class='ocr_line' id='line_1_1' title="bbox 451 247 1233 317; baseline 0.01 -15"><span class='ocrx_word' id='word_1_1' title='bbox 451 249 493 304; x_wconf 88' lang='lat' dir='ltr'><strong>De</strong></span> <span class='ocrx_word' id='word_1_2' title='bbox 510 247 677 317; x_wconf 80' lang='lat' dir='ltr'><strong>Polyphemo</strong></span> <span class='ocrx_word' id='word_1_3' title='bbox 695 253 723 303; x_wconf 88' lang='lat' dir='ltr'><strong>et</strong></span> <span class='ocrx_word' id='word_1_4' title='bbox 740 248 862 304; x_wconf 75' lang='lat' dir='ltr'><strong>Galatea.</strong></span> <span class='ocrx_word' id='word_1_5' title='bbox 1171 250 1233 310; x_wconf 83' lang='lat'><strong>203</strong></span> 
     </span>
    </p>
   </div>
   <div class='ocr_carea' id='block_1_2' title="bbox 76 420 1234 1933">
    <p class='ocr_par' dir='ltr' id='par_1_2' title="bbox 77 420 1234 712">
     <span class='ocr_line' id='line_1_2' title="bbox 165 420 1234 505; baseline -0.001 -16"><span class='ocrx_word' id='word_1_6' title='bbox 165 424 268 491; x_wconf 92' lang='lat' dir='ltr'><strong>Paulo</strong></span> <span class='ocrx_word' id='word_1_7' title='bbox 284 424 406 489; x_wconf 90' lang='lat' dir='ltr'><strong>maiore</strong></span> <span class='ocrx_word' id='word_1_8' title='bbox 421 422 490 488; x_wconf 88' lang='lat' dir='ltr'><strong>ueri</strong></span> <span class='ocrx_word' id='word_1_9' title='bbox 505 423 614 505; x_wconf 88' lang='lat' dir='ltr'><strong>speeie</strong></span> <span class='ocrx_word' id='word_1_10' title='bbox 637 421 753 486; x_wconf 89' lang='lat' dir='ltr'><strong>auiris</strong></span> <span class='ocrx_word' id='word_1_11' title='bbox 776 420 879 488; x_wconf 88' lang='lat' dir='ltr'><strong>dootis</strong></span> <span class='ocrx_word' id='word_1_12' title='bbox 903 421 978 488; x_wconf 91' lang='lat' dir='ltr'><strong>huio</strong></span> <span class='ocrx_word' id='word_1_13' title='bbox 1000 422 1137 488; x_wconf 85' lang='lat' dir='ltr'><strong>dramati</strong></span> <span class='ocrx_word' id='word_1_14' title='bbox 1160 429 1234 489; x_wconf 90' lang='lat' dir='ltr'><strong>sunt</strong></span> 
     </span>
     <span class='ocr_line' id='line_1_3' title="bbox 77 520 1232 610; baseline -0.003 -17"><span class='ocrx_word' id='word_1_15' title='bbox 77 528 252 610; x_wconf 84' lang='lat' dir='ltr'><strong>adsignata</strong></span> <span class='ocrx_word' id='word_1_16' title='bbox 273 526 453 608; x_wconf 84' lang='lat' dir='ltr'><strong>fragmenta</strong></span> <span class='ocrx_word' id='word_1_17' title='bbox 474 525 535 590; x_wconf 91' lang='lat' dir='ltr'><strong>ino.</strong></span> <span class='ocrx_word' id='word_1_18' title='bbox 554 527 592 588; x_wconf 89' lang='grc'><strong>16</strong></span> <span class='ocrx_word' id='word_1_19' title='bbox 613 529 645 589; x_wconf 91' lang='lat' dir='ltr'><strong>et</strong></span> <span class='ocrx_word' id='word_1_20' title='bbox 663 526 711 586; x_wconf 82' lang='lat'><strong>17.</strong></span> <span class='ocrx_word' id='word_1_21' title='bbox 748 520 865 587; x_wconf 89' lang='lat' dir='ltr'><strong>Athen.</strong></span> <span class='ocrx_word' id='word_1_22' title='bbox 881 522 913 586; x_wconf 93' lang='grc' dir='ltr'><strong>Π</strong></span> <span class='ocrx_word' id='word_1_23' title='bbox 935 543 966 606; x_wconf 91' lang='lat' dir='ltr'><strong>p.</strong></span> <span class='ocrx_word' id='word_1_24' title='bbox 980 522 1050 587; x_wconf 84' lang='lat' dir='ltr'><strong>35d</strong></span> <span class='ocrx_word' id='word_1_25' title='bbox 1075 523 1232 601; x_wconf 77' lang='lat' dir='ltr'><strong>(Eustath.</strong></span> 
     </span>
     <span class='ocr_line' id='line_1_4' title="bbox 80 617 858 712; baseline -0.005 -20"><span class='ocrx_word' id='word_1_26' title='bbox 80 631 175 712; x_wconf 85' lang='lat'><strong>1770,</strong></span> <span class='ocrx_word' id='word_1_27' title='bbox 192 630 238 703; x_wconf 86' lang='lat'><strong>9):</strong></span> <span class='ocrx_word' id='word_1_28' title='bbox 267 620 285 691; x_wconf 83' lang='grc' dir='ltr'>ὁ</span> <span class='ocrx_word' id='word_1_29' title='bbox 311 624 348 690; x_wconf 80' lang='grc' dir='ltr'><strong>δὲ</strong></span> <span class='ocrx_word' id='word_1_30' title='bbox 368 617 544 711; x_wconf 73' lang='grc' dir='ltr'><strong><em>Κυθήριος</em></strong></span> <span class='ocrx_word' id='word_1_31' title='bbox 568 621 749 700; x_wconf 76' lang='grc' dir='ltr'><strong><em>Φιλόξενος</em></strong></span> <span class='ocrx_word' id='word_1_32' title='bbox 771 621 858 705; x_wconf 82' lang='grc' dir='ltr'><strong><em>λέγει</em></strong></span> 
     </span>
    </p>

    <p class='ocr_par' dir='ltr' id='par_1_3' title="bbox 77 719 682 916">
     <span class='ocr_line' id='line_1_5' title="bbox 209 719 682 812; baseline -0.008 -19"><span class='ocrx_word' id='word_1_33' title='bbox 209 719 358 812; x_wconf 77' lang='grc' dir='ltr'><strong><em>εὐρείτας</em></strong></span> <span class='ocrx_word' id='word_1_34' title='bbox 381 720 470 802; x_wconf 88' lang='grc' dir='ltr'><strong><em>οίνος</em></strong></span> <span class='ocrx_word' id='word_1_35' title='bbox 492 723 682 812; x_wconf 78' lang='grc' dir='ltr'><em>πάμφωνος</em></span> 
     </span>
     <span class='ocr_line' id='line_1_6' title="bbox 77 830 498 916; baseline -0.012 -18"><span class='ocrx_word' id='word_1_36' title='bbox 77 837 111 898; x_wconf 90' lang='lat' dir='ltr'><strong>et</strong></span> <span class='ocrx_word' id='word_1_37' title='bbox 130 830 249 897; x_wconf 87' lang='lat' dir='ltr'><strong>Athen.</strong></span> <span class='ocrx_word' id='word_1_38' title='bbox 265 831 298 896; x_wconf 88' lang='lat' dir='ltr'>X</span> <span class='ocrx_word' id='word_1_39' title='bbox 320 852 352 916; x_wconf 86' lang='lat' dir='ltr'><strong>p.</strong></span> <span class='ocrx_word' id='word_1_40' title='bbox 364 831 498 896; x_wconf 77' lang='lat' dir='ltr'><strong>ttoab:</strong></span> 
     </span>
    </p>

    <p class='ocr_par' dir='ltr' id='par_1_4' title="bbox 208 923 1070 1019">
     <span class='ocr_line' id='line_1_7' title="bbox 208 923 1070 1019; baseline -0.002 -22"><span class='ocrx_word' id='word_1_41' title='bbox 208 926 238 1010; x_wconf 84' lang='grc' dir='ltr'><strong>(ὅ</strong></span> <span class='ocrx_word' id='word_1_42' title='bbox 264 923 363 1007; x_wconf 79' lang='grc' dir='ltr'><strong><em>αὐτάς</em></strong></span> <span class='ocrx_word' id='word_1_43' title='bbox 385 951 489 1019; x_wconf 80' lang='grc' dir='ltr'><strong><em>φησιν</em></strong></span> <span class='ocrx_word' id='word_1_44' title='bbox 506 923 709 1017; x_wconf 81' lang='grc' dir='ltr'><em>Ἀντιφάνης</em></span> <span class='ocrx_word' id='word_1_45' title='bbox 731 927 765 995; x_wconf 79' lang='grc' dir='ltr'><strong>ἒν</strong></span> <span class='ocrx_word' id='word_1_46' title='bbox 786 931 835 1015; x_wconf 76' lang='grc' dir='ltr'><strong>τῷ</strong></span> <span class='ocrx_word' id='word_1_47' title='bbox 861 934 1070 1017; x_wconf 79' lang='grc' dir='ltr'><strong><em>Τραυματίᾳ)</em></strong></span> 
     </span>
    </p>

    <p class='ocr_par' dir='ltr' id='par_1_5' title="bbox 532 1023 978 1120">
     <span class='ocr_line' id='line_1_8' title="bbox 532 1023 978 1120; baseline 0.007 -26"><span class='ocrx_word' id='word_1_48' title='bbox 532 1029 723 1115; x_wconf 77' lang='grc' dir='ltr'><strong><em>παραδίδου</em></strong></span> <span class='ocrx_word' id='word_1_49' title='bbox 747 1023 779 1096; x_wconf 86' lang='lat' dir='ltr'><strong>d&#39;</strong></span> <span class='ocrx_word' id='word_1_50' title='bbox 806 1029 880 1120; x_wconf 75' lang='grc' dir='ltr'><strong><em>ἑξῆς</em></strong></span> <span class='ocrx_word' id='word_1_51' title='bbox 903 1029 978 1114; x_wconf 77' lang='grc' dir='ltr'><strong><em>ἐμοὶ</em></strong></span> 
     </span>
    </p>

    <p class='ocr_par' dir='ltr' id='par_1_6' title="bbox 207 1124 1019 1220">
     <span class='ocr_line' id='line_1_9' title="bbox 207 1124 1019 1220; baseline 0.004 -23"><span class='ocrx_word' id='word_1_52' title='bbox 207 1130 266 1198; x_wconf 84' lang='grc' dir='ltr'><strong>τὸν</strong></span> <span class='ocrx_word' id='word_1_53' title='bbox 289 1124 575 1218; x_wconf 76' lang='grc' dir='ltr'><strong><em>ἀρκεσίγυιον,</em></strong></span> <span class='ocrx_word' id='word_1_54' title='bbox 606 1126 653 1210; x_wconf 74' lang='grc' dir='ltr'><strong>ὥς</strong></span> <span class='ocrx_word' id='word_1_55' title='bbox 675 1125 797 1219; x_wconf 67' lang='grc' dir='ltr'><strong><em>ἔφασκ’</em></strong></span> <span class='ocrx_word' id='word_1_56' title='bbox 823 1125 1019 1220; x_wconf 76' lang='grc' dir='ltr'><strong><em>Εὐριπίδης.</em></strong></span> 
     </span>
    </p>

    <p class='ocr_par' dir='ltr' id='par_1_7' title="bbox 207 1225 1123 1322">
     <span class='ocr_line' id='line_1_10' title="bbox 207 1225 1123 1322; baseline 0.003 -23"><span class='ocrx_word' id='word_1_57' title='bbox 207 1237 255 1299; x_wconf 92' lang='lat' dir='ltr'><strong>A.</strong></span> <span class='ocrx_word' id='word_1_58' title='bbox 279 1227 466 1322; x_wconf 75' lang='grc' dir='ltr'><strong><em>Εὐριπίδης</em></strong></span> <span class='ocrx_word' id='word_1_59' title='bbox 487 1230 550 1319; x_wconf 74' lang='grc' dir='ltr'><strong>γάρ</strong></span> <span class='ocrx_word' id='word_1_60' title='bbox 571 1225 664 1299; x_wconf 77' lang='grc' dir='ltr'><strong><em>τοῦτ’</em></strong></span> <span class='ocrx_word' id='word_1_61' title='bbox 690 1233 853 1321; x_wconf 70' lang='grc' dir='ltr'><strong><em>ἕφαοκενς</em></strong></span> <span class='ocrx_word' id='word_1_62' title='bbox 882 1241 921 1301; x_wconf 93' lang='lat' dir='ltr'><strong>B.</strong></span> <span class='ocrx_word' id='word_1_63' title='bbox 945 1228 1030 1302; x_wconf 87' lang='grc' dir='ltr'><strong><em>άλλά</em></strong></span> <span class='ocrx_word' id='word_1_64' title='bbox 1053 1242 1123 1318; x_wconf 81' lang='grc' dir='ltr'><strong><em>τίς,·</em></strong></span> 
     </span>
    </p>

    <p class='ocr_par' dir='ltr' id='par_1_8' title="bbox 207 1329 1053 1424">
     <span class='ocr_line' id='line_1_11' title="bbox 207 1329 1053 1424; baseline 0.005 -24"><span class='ocrx_word' id='word_1_65' title='bbox 207 1338 255 1401; x_wconf 89' lang='grc' dir='ltr'><strong>Α.</strong></span> <span class='ocrx_word' id='word_1_66' title='bbox 281 1333 462 1413; x_wconf 79' lang='grc' dir='ltr'><strong><em>Φιλόξενος</em></strong></span> <span class='ocrx_word' id='word_1_67' title='bbox 485 1333 668 1422; x_wconf 74' lang='grc' dir='ltr'><strong><em>δήπουθεν.</em></strong></span> <span class='ocrx_word' id='word_1_68' title='bbox 702 1341 741 1401; x_wconf 93' lang='grc' dir='ltr'><strong>Β.</strong></span> <span class='ocrx_word' id='word_1_69' title='bbox 765 1329 861 1402; x_wconf 76' lang='grc' dir='ltr'><strong><em>οὐδὲν</em></strong></span> <span class='ocrx_word' id='word_1_70' title='bbox 884 1335 1053 1424; x_wconf 84' lang='grc' dir='ltr'><strong><em>διαφέρει,</em></strong></span> 
     </span>
    </p>

    <p class='ocr_par' dir='ltr' id='par_1_9' title="bbox 76 1423 1233 1933">
     <span class='ocr_line' id='line_1_12' title="bbox 207 1423 981 1522; baseline 0.003 -21"><span class='ocrx_word' id='word_1_71' title='bbox 207 1423 234 1502; x_wconf 79' lang='grc' dir='ltr'><em>ὦ</em></span> <span class='ocrx_word' id='word_1_72' title='bbox 257 1439 332 1502; x_wconf 84' lang='grc' dir='ltr'><strong><em>τάν·</em></strong></span> <span class='ocrx_word' id='word_1_73' title='bbox 362 1434 503 1522; x_wconf 78' lang='grc' dir='ltr'><strong><em>ἐλέγχεις</em></strong></span> <span class='ocrx_word' id='word_1_74' title='bbox 523 1428 561 1520; x_wconf 80' lang='grc' dir='ltr'><strong>μ’</strong></span> <span class='ocrx_word' id='word_1_75' title='bbox 588 1434 680 1502; x_wconf 76' lang='grc' dir='ltr'><strong><em>ἕνεκα</em></strong></span> <span class='ocrx_word' id='word_1_76' title='bbox 703 1437 870 1521; x_wconf 79' lang='grc' dir='ltr'><strong><em>συλλαβῆς</em></strong></span> <span class='ocrx_word' id='word_1_77' title='bbox 890 1441 981 1520; x_wconf 86' lang='grc' dir='ltr'><strong><em>μιᾶς.</em></strong></span> 
     </span>
     <span class='ocr_line' id='line_1_13' title="bbox 76 1538 1232 1626; baseline 0.001 -18"><span class='ocrx_word' id='word_1_78' title='bbox 76 1542 225 1626; x_wconf 82' lang='lat' dir='ltr'><strong>Apparet</strong></span> <span class='ocrx_word' id='word_1_79' title='bbox 240 1542 401 1624; x_wconf 89' lang='lat' dir='ltr'><strong>pertinere</strong></span> <span class='ocrx_word' id='word_1_80' title='bbox 417 1539 498 1606; x_wconf 89' lang='lat' dir='ltr'><strong>haeo</strong></span> <span class='ocrx_word' id='word_1_81' title='bbox 513 1540 671 1622; x_wconf 82' lang='lat' dir='ltr'><strong>fragmina</strong></span> <span class='ocrx_word' id='word_1_82' title='bbox 693 1538 737 1605; x_wconf 88' lang='lat' dir='ltr'><strong>ad</strong></span> <span class='ocrx_word' id='word_1_83' title='bbox 760 1540 923 1606; x_wconf 84' lang='lat' dir='ltr'><strong>ebrietatis</strong></span> <span class='ocrx_word' id='word_1_84' title='bbox 945 1560 1105 1607; x_wconf 79' lang='lat' dir='ltr'><strong>scaenam.</strong></span> <span class='ocrx_word' id='word_1_85' title='bbox 1139 1543 1232 1610; x_wconf 91' lang='lat' dir='ltr'><strong>Prius</strong></span> 
     </span>
     <span class='ocr_line' id='line_1_14' title="bbox 77 1635 1233 1726; baseline 0.001 -16"><span class='ocrx_word' id='word_1_86' title='bbox 77 1645 125 1710; x_wconf 88' lang='lat' dir='ltr'><strong>sio</strong></span> <span class='ocrx_word' id='word_1_87' title='bbox 139 1642 238 1709; x_wconf 90' lang='lat' dir='ltr'><strong>uertit</strong></span> <span class='ocrx_word' id='word_1_88' title='bbox 253 1641 461 1710; x_wconf 83' lang='lat' dir='ltr'><strong>(lasaubonus</strong></span> <span class='ocrx_word' id='word_1_89' title='bbox 481 1635 605 1707; x_wconf 83' lang='lat' dir='ltr'><strong>‘uinum</strong></span> <span class='ocrx_word' id='word_1_90' title='bbox 626 1642 715 1722; x_wconf 85' lang='lat' dir='ltr'><strong>large</strong></span> <span class='ocrx_word' id='word_1_91' title='bbox 737 1639 839 1708; x_wconf 88' lang='lat' dir='ltr'><strong>fluens</strong></span> <span class='ocrx_word' id='word_1_92' title='bbox 863 1642 964 1708; x_wconf 88' lang='lat' dir='ltr'><strong>omnis</strong></span> <span class='ocrx_word' id='word_1_93' title='bbox 985 1643 1113 1726; x_wconf 83' lang='lat' dir='ltr'><strong>generis</strong></span> <span class='ocrx_word' id='word_1_94' title='bbox 1135 1662 1233 1711; x_wconf 88' lang='lat' dir='ltr'><strong>nooes</strong></span> 
     </span>
     <span class='ocr_line' id='line_1_15' title="bbox 77 1735 1232 1828; baseline -0.001 -16"><span class='ocrx_word' id='word_1_95' title='bbox 77 1735 155 1812; x_wconf 87' lang='lat' dir='ltr'><strong>oiet’</strong></span> <span class='ocrx_word' id='word_1_96' title='bbox 175 1744 393 1828; x_wconf 81' lang='lat' dir='ltr'><strong>explieatione</strong></span> <span class='ocrx_word' id='word_1_97' title='bbox 407 1744 502 1810; x_wconf 85' lang='lat' dir='ltr'><strong>unios</strong></span> <span class='ocrx_word' id='word_1_98' title='bbox 524 1761 601 1808; x_wconf 87' lang='lat' dir='ltr'><strong>uera</strong></span> <span class='ocrx_word' id='word_1_99' title='bbox 623 1748 656 1806; x_wconf 87' lang='lat' dir='ltr'><strong>et</strong></span> <span class='ocrx_word' id='word_1_100' title='bbox 676 1741 719 1808; x_wconf 92' lang='lat' dir='ltr'><strong>ad</strong></span> <span class='ocrx_word' id='word_1_101' title='bbox 741 1744 847 1809; x_wconf 90' lang='lat' dir='ltr'><strong>looum</strong></span> <span class='ocrx_word' id='word_1_102' title='bbox 868 1745 1128 1828; x_wconf 82' lang='lat' dir='ltr'><strong>inuestigandum</strong></span> <span class='ocrx_word' id='word_1_103' title='bbox 1149 1745 1232 1812; x_wconf 84' lang='lat' dir='ltr'><strong>truo-</strong></span> 
     </span>
     <span class='ocr_line' id='line_1_16' title="bbox 77 1843 1232 1933; baseline 0.001 -19"><span class='ocrx_word' id='word_1_104' title='bbox 77 1855 188 1930; x_wconf 81' lang='lat' dir='ltr'><strong>mosa,</strong></span> <span class='ocrx_word' id='word_1_105' title='bbox 212 1864 310 1928; x_wconf 89' lang='lat' dir='ltr'><strong>quam</strong></span> <span class='ocrx_word' id='word_1_106' title='bbox 331 1863 484 1928; x_wconf 82' lang='lat' dir='ltr'><strong>respuere</strong></span> <span class='ocrx_word' id='word_1_107' title='bbox 505 1864 570 1911; x_wconf 92' lang='lat' dir='ltr'><strong>non</strong></span> <span class='ocrx_word' id='word_1_108' title='bbox 592 1843 732 1909; x_wconf 88' lang='lat' dir='ltr'><strong>debebat</strong></span> <span class='ocrx_word' id='word_1_109' title='bbox 753 1844 927 1928; x_wconf 90' lang='lat' dir='ltr'><strong>Bippartus</strong></span> <span class='ocrx_word' id='word_1_110' title='bbox 948 1867 979 1931; x_wconf 93' lang='lat' dir='ltr'><strong>p.</strong></span> <span class='ocrx_word' id='word_1_111' title='bbox 996 1850 1037 1910; x_wconf 89' lang='grc'><strong>44</strong></span> <span class='ocrx_word' id='word_1_112' title='bbox 1058 1848 1129 1933; x_wconf 90' lang='lat' dir='ltr'><strong>ipse</strong></span> <span class='ocrx_word' id='word_1_113' title='bbox 1152 1848 1232 1915; x_wconf 91' lang='lat' dir='ltr'><strong>mire</strong></span> 
     </span>
    </p>
   </div>
   <div class='ocr_carea' id='block_1_3' title="bbox 17 1943 1233 2135">
    <p class='ocr_par' dir='ltr' id='par_1_10' title="bbox 17 1943 1233 2135">
     <span class='ocr_line' id='line_1_17' title="bbox 17 1943 1233 2032; baseline 0 -17"><span class='ocrx_word' id='word_1_114' title='bbox 17 1985 18 2026; x_wconf 65' lang='grc'>;</span> <span class='ocrx_word' id='word_1_115' title='bbox 77 1950 293 2032; x_wconf 87' lang='lat' dir='ltr'><strong>interpretans</strong></span> <span class='ocrx_word' id='word_1_116' title='bbox 315 1943 506 2032; x_wconf 79' lang='grc' dir='ltr'><strong><em>πάμφωνος</em></strong></span> <span class='ocrx_word' id='word_1_117' title='bbox 528 1945 569 2011; x_wconf 93' lang='lat' dir='ltr'><strong>de</strong></span> <span class='ocrx_word' id='word_1_118' title='bbox 584 1951 675 2030; x_wconf 84' lang='lat' dir='ltr'><strong>grato</strong></span> <span class='ocrx_word' id='word_1_119' title='bbox 692 1947 797 2014; x_wconf 89' lang='lat' dir='ltr'><strong>sonitu</strong></span> <span class='ocrx_word' id='word_1_120' title='bbox 819 1948 887 2013; x_wconf 93' lang='lat' dir='ltr'><strong>uini</strong></span> <span class='ocrx_word' id='word_1_121' title='bbox 909 1948 943 2013; x_wconf 91' lang='lat' dir='ltr'><strong>in</strong></span> <span class='ocrx_word' id='word_1_122' title='bbox 964 1949 1115 2032; x_wconf 89' lang='lat' dir='ltr'><strong>poenlum</strong></span> <span class='ocrx_word' id='word_1_123' title='bbox 1135 1950 1233 2016; x_wconf 86' lang='lat' dir='ltr'><strong>infusi</strong></span> 
     </span>
     <span class='ocr_line' id='line_1_18' title="bbox 17 2046 1233 2135; baseline 0.001 -20"><span class='ocrx_word' id='word_1_124' title='bbox 17 2049 34 2070; x_wconf 63' lang='lat'><em>⁸</em></span> <span class='ocrx_word' id='word_1_125' title='bbox 79 2051 152 2115; x_wconf 92' lang='lat' dir='ltr'><strong>ooll.</strong></span> <span class='ocrx_word' id='word_1_126' title='bbox 168 2046 301 2113; x_wconf 89' lang='lat' dir='ltr'><strong>Piudar.</strong></span> <span class='ocrx_word' id='word_1_127' title='bbox 318 2047 368 2114; x_wconf 90' lang='lat'><strong>01.</strong></span> <span class='ocrx_word' id='word_1_128' title='bbox 381 2048 452 2132; x_wconf 91' lang='lat' dir='ltr'>VII,</span> <span class='ocrx_word' id='word_1_129' title='bbox 468 2051 551 2130; x_wconf 83' lang='lat' dir='ltr'><strong>laq,</strong></span> <span class='ocrx_word' id='word_1_130' title='bbox 575 2048 662 2130; x_wconf 93' lang='lat' dir='ltr'><strong>quod</strong></span> <span class='ocrx_word' id='word_1_131' title='bbox 677 2049 764 2115; x_wconf 83' lang='lat' dir='ltr'><strong>stab</strong></span> <span class='ocrx_word' id='word_1_132' title='bbox 779 2068 839 2115; x_wconf 92' lang='lat' dir='ltr'><strong>usu</strong></span> <span class='ocrx_word' id='word_1_133' title='bbox 855 2051 944 2116; x_wconf 91' lang='lat' dir='ltr'><strong>uoois</strong></span> <span class='ocrx_word' id='word_1_134' title='bbox 966 2049 1117 2118; x_wconf 87' lang='lat' dir='ltr'><strong>abhorret</strong></span> <span class='ocrx_word' id='word_1_135' title='bbox 1134 2052 1233 2135; x_wconf 85' lang='lat' dir='ltr'><strong>signi-</strong></span> 
     </span>
    </p>
   </div>
   <div class='ocr_carea' id='block_1_4' title="bbox 77 2141 1233 2236">
    <p class='ocr_par' dir='ltr' id='par_1_11' title="bbox 77 2141 1233 2236">
     <span class='ocr_line' id='line_1_19' title="bbox 77 2141 1233 2236; baseline 0.001 -22"><span class='ocrx_word' id='word_1_136' title='bbox 77 2149 204 2216; x_wconf 76' lang='lat' dir='ltr'><strong>fluentis</strong></span> <span class='ocrx_word' id='word_1_137' title='bbox 228 2149 331 2216; x_wconf 80' lang='lat' dir='ltr'><strong>omnis</strong></span> <span class='ocrx_word' id='word_1_138' title='bbox 353 2150 481 2233; x_wconf 81' lang='lat' dir='ltr'><strong>generis</strong></span> <span class='ocrx_word' id='word_1_139' title='bbox 502 2148 753 2215; x_wconf 81' lang='lat' dir='ltr'><strong>modulationem</strong></span> <span class='ocrx_word' id='word_1_140' title='bbox 777 2141 898 2224; x_wconf 78' lang='grc' dir='ltr'><strong><em>(αὐλῶν</em></strong></span> <span class='ocrx_word' id='word_1_141' title='bbox 920 2147 1111 2236; x_wconf 77' lang='grc' dir='ltr'><strong><em>πάμφωνον</em></strong></span> <span class='ocrx_word' id='word_1_142' title='bbox 1132 2152 1233 2233; x_wconf 84' lang='grc' dir='ltr'><strong><em>μέλος</em></strong></span> 
     </span>
    </p>
   </div>
   <div class='ocr_carea' id='block_1_5' title="bbox 16 2249 1232 2438">
    <p class='ocr_par' dir='ltr' id='par_1_12' title="bbox 16 2235 1232 2438">
     <span class='ocr_line' id='line_1_20' title="bbox 16 2249 1232 2335; baseline 0.002 -19"><span class='ocrx_word' id='word_1_143' title='bbox 16 2297 18 2322; x_wconf 44' lang='grc' dir='ltr'><strong><em>ι</em></strong></span> <span class='ocrx_word' id='word_1_144' title='bbox 79 2251 171 2317; x_wconf 89' lang='lat' dir='ltr'><strong>Pind.</strong></span> <span class='ocrx_word' id='word_1_145' title='bbox 190 2249 286 2334; x_wconf 89' lang='lat' dir='ltr'><strong>Pyth.</strong></span> <span class='ocrx_word' id='word_1_146' title='bbox 307 2251 385 2335; x_wconf 86' lang='lat' dir='ltr'>XII,</span> <span class='ocrx_word' id='word_1_147' title='bbox 401 2254 439 2315; x_wconf 86' lang='grc'><strong>19</strong></span> <span class='ocrx_word' id='word_1_148' title='bbox 462 2270 492 2316; x_wconf 89' lang='lat' dir='ltr'><strong>u.</strong></span> <span class='ocrx_word' id='word_1_149' title='bbox 516 2255 556 2316; x_wconf 89' lang='lat' dir='ltr'><strong>et.</strong></span> <span class='ocrx_word' id='word_1_150' title='bbox 578 2250 674 2333; x_wconf 89' lang='lat' dir='ltr'><strong>Pyth.</strong></span> <span class='ocrx_word' id='word_1_151' title='bbox 690 2251 751 2335; x_wconf 86' lang='lat'><strong>111,</strong></span> <span class='ocrx_word' id='word_1_152' title='bbox 767 2254 817 2327; x_wconf 87' lang='grc'><strong>17)</strong></span> <span class='ocrx_word' id='word_1_153' title='bbox 848 2253 903 2318; x_wconf 89' lang='lat' dir='ltr'><strong>uel</strong></span> <span class='ocrx_word' id='word_1_154' title='bbox 931 2252 1060 2318; x_wconf 90' lang='lat' dir='ltr'><strong>omnino</strong></span> <span class='ocrx_word' id='word_1_155' title='bbox 1088 2254 1232 2335; x_wconf 92' lang='lat' dir='ltr'><strong>loquaoi-</strong></span> 
     </span>
     <span class='ocr_line' id='line_1_21' title="bbox 16 2349 1232 2438; baseline -0.002 -18"><span class='ocrx_word' id='word_1_156' title='bbox 16 2387 17 2420; x_wconf 44' lang='grc' dir='ltr'><strong><em>ν</em></strong></span> <span class='ocrx_word' id='word_1_157' title='bbox 78 2358 180 2418; x_wconf 90' lang='lat' dir='ltr'><strong>tatem</strong></span> <span class='ocrx_word' id='word_1_158' title='bbox 208 2353 345 2419; x_wconf 87' lang='lat' dir='ltr'><strong>alieuius</strong></span> <span class='ocrx_word' id='word_1_159' title='bbox 377 2353 425 2418; x_wconf 89' lang='lat' dir='ltr'><strong>rei</strong></span> <span class='ocrx_word' id='word_1_160' title='bbox 458 2349 656 2438; x_wconf 87' lang='grc' dir='ltr'><strong><em>(πάμφωνοι</em></strong></span> <span class='ocrx_word' id='word_1_161' title='bbox 684 2362 793 2435; x_wconf 84' lang='grc' dir='ltr'><strong><em>χεῖρες</em></strong></span> <span class='ocrx_word' id='word_1_162' title='bbox 825 2352 867 2420; x_wconf 88' lang='lat' dir='ltr'><strong>de</strong></span> <span class='ocrx_word' id='word_1_163' title='bbox 895 2355 1093 2438; x_wconf 86' lang='lat' dir='ltr'><strong>pantomimo</strong></span> <span class='ocrx_word' id='word_1_164' title='bbox 1122 2354 1232 2438; x_wconf 84' lang='lat' dir='ltr'><strong>Antip.</strong></span> 
     </span>
    </p>
   </div>
   <div class='ocr_carea' id='block_1_6' title="bbox 16 2453 1234 2558">
    <p class='ocr_par' dir='ltr' id='par_1_13' title="bbox 16 2453 1234 2558">
     <span class='ocr_line' id='line_1_22' title="bbox 16 2453 1234 2558; baseline 0.003 -40"><span class='ocrx_word' id='word_1_165' title='bbox 16 2455 18 2558; x_wconf 64' lang='lat' dir='ltr'><strong>j</strong></span> <span class='ocrx_word' id='word_1_166' title='bbox 79 2453 228 2520; x_wconf 80' lang='lat' dir='ltr'><strong>Thessal.</strong></span> <span class='ocrx_word' id='word_1_167' title='bbox 251 2454 284 2518; x_wconf 95' lang='lat' dir='ltr'><strong>in</strong></span> <span class='ocrx_word' id='word_1_168' title='bbox 304 2453 435 2519; x_wconf 86' lang='lat' dir='ltr'><strong>Anthol.</strong></span> <span class='ocrx_word' id='word_1_169' title='bbox 456 2454 548 2520; x_wconf 89' lang='lat' dir='ltr'><strong>Plan.</strong></span> <span class='ocrx_word' id='word_1_170' title='bbox 571 2454 658 2535; x_wconf 86' lang='lat' dir='ltr'>XVI,</span> <span class='ocrx_word' id='word_1_171' title='bbox 675 2456 747 2535; x_wconf 80' lang='lat'><strong>290,</strong></span> <span class='ocrx_word' id='word_1_172' title='bbox 764 2455 795 2531; x_wconf 87' lang='grc'><strong>6)</strong></span> <span class='ocrx_word' id='word_1_173' title='bbox 825 2461 857 2519; x_wconf 91' lang='lat' dir='ltr'><strong>et</strong></span> <span class='ocrx_word' id='word_1_174' title='bbox 882 2475 903 2520; x_wconf 91' lang='lat' dir='ltr'><strong>a</strong></span> <span class='ocrx_word' id='word_1_175' title='bbox 931 2475 1069 2538; x_wconf 83' lang='lat' dir='ltr'><strong>conexu,</strong></span> <span class='ocrx_word' id='word_1_176' title='bbox 1100 2456 1154 2537; x_wconf 91' lang='lat' dir='ltr'><strong>qui</strong></span> <span class='ocrx_word' id='word_1_177' title='bbox 1185 2462 1234 2522; x_wconf 89' lang='lat' dir='ltr'><strong>est</strong></span> 
     </span>
    </p>
   </div>
   <div class='ocr_carea' id='block_1_7' title="bbox 16 2593 18 2706">
    <p class='ocr_par' dir='ltr' id='par_1_14' title="bbox 16 2565 18 2706">
     <span class='ocr_line' id='line_1_23' title="bbox 16 2593 18 2706; baseline 0 -128"><span class='ocrx_word' id='word_1_178' title='bbox 16 2593 18 2706; x_wconf 33' lang='grc' dir='ltr'><strong><em>ρ</em></strong></span> 
     </span>
    </p>
   </div>
   <div class='ocr_carea' id='block_1_8' title="bbox 16 2821 18 2860">
    <p class='ocr_par' dir='ltr' id='par_1_15' title="bbox 16 2821 18 2860">
     <span class='ocr_line' id='line_1_24' title="bbox 16 2821 18 2860; baseline 0 0"><span class='ocrx_word' id='word_1_179' title='bbox 16 2821 18 2860; x_wconf 83' lang='lat' dir='ltr'><strong>l</strong></span> 
     </span>
    </p>
   </div>
   <div class='ocr_carea' id='block_1_9' title="bbox 79 2554 1232 2642">
    <p class='ocr_par' dir='ltr' id='par_1_16' title="bbox 79 2554 1232 2642">
     <span class='ocr_line' id='line_1_25' title="bbox 79 2554 1232 2642; baseline 0.002 -20"><span class='ocrx_word' id='word_1_180' title='bbox 79 2557 166 2642; x_wconf 90' lang='lat' dir='ltr'><strong>apud</strong></span> <span class='ocrx_word' id='word_1_181' title='bbox 182 2554 394 2621; x_wconf 87' lang='lat' dir='ltr'><strong>Athenaeum.</strong></span> <span class='ocrx_word' id='word_1_182' title='bbox 432 2557 539 2639; x_wconf 88' lang='lat' dir='ltr'><strong>Atque</strong></span> <span class='ocrx_word' id='word_1_183' title='bbox 562 2555 624 2621; x_wconf 91' lang='lat' dir='ltr'><strong>hoo</strong></span> <span class='ocrx_word' id='word_1_184' title='bbox 646 2575 689 2621; x_wconf 88' lang='lat' dir='ltr'><strong>ex</strong></span> <span class='ocrx_word' id='word_1_185' title='bbox 711 2574 836 2621; x_wconf 87' lang='lat' dir='ltr'><strong>oonexu</strong></span> <span class='ocrx_word' id='word_1_186' title='bbox 858 2557 951 2624; x_wconf 87' lang='lat' dir='ltr'><strong>nobis</strong></span> <span class='ocrx_word' id='word_1_187' title='bbox 973 2556 1102 2623; x_wconf 89' lang='lat' dir='ltr'><strong>uidetur</strong></span> <span class='ocrx_word' id='word_1_188' title='bbox 1123 2558 1232 2641; x_wconf 89' lang='lat' dir='ltr'><strong>aliqua</strong></span> 
     </span>
    </p>
   </div>
   <div class='ocr_carea' id='block_1_10' title="bbox 16 2655 1231 2842">
    <p class='ocr_par' dir='ltr' id='par_1_17' title="bbox 16 2655 1231 2842">
     <span class='ocr_line' id='line_1_26' title="bbox 16 2655 1231 2742; baseline -0.002 -16"><span class='ocrx_word' id='word_1_189' title='bbox 16 2723 17 2726; x_wconf 74' lang='grc'>,</span> <span class='ocrx_word' id='word_1_190' title='bbox 80 2659 264 2725; x_wconf 86' lang='lat' dir='ltr'><strong>oonieotura</strong></span> <span class='ocrx_word' id='word_1_191' title='bbox 287 2657 328 2724; x_wconf 91' lang='lat' dir='ltr'><strong>de</strong></span> <span class='ocrx_word' id='word_1_192' title='bbox 349 2659 421 2724; x_wconf 91' lang='lat' dir='ltr'><strong>looo</strong></span> <span class='ocrx_word' id='word_1_193' title='bbox 443 2658 614 2740; x_wconf 84' lang='lat' dir='ltr'><strong>fragmenti</strong></span> <span class='ocrx_word' id='word_1_194' title='bbox 640 2655 710 2724; x_wconf 89' lang='lat' dir='ltr'><strong>fieri</strong></span> <span class='ocrx_word' id='word_1_195' title='bbox 731 2677 838 2742; x_wconf 81' lang='lat' dir='ltr'><strong>posse·</strong></span> <span class='ocrx_word' id='word_1_196' title='bbox 882 2658 1010 2725; x_wconf 82' lang='lat' dir='ltr'><strong>Etenim</strong></span> <span class='ocrx_word' id='word_1_197' title='bbox 1033 2679 1105 2726; x_wconf 88' lang='lat' dir='ltr'><strong>oum</strong></span> <span class='ocrx_word' id='word_1_198' title='bbox 1127 2679 1231 2727; x_wconf 90' lang='lat' dir='ltr'><strong>sermo</strong></span> 
     </span>
     <span class='ocr_line' id='line_1_27' title="bbox 16 2758 1231 2842; baseline -0.002 -15"><span class='ocrx_word' id='word_1_199' title='bbox 16 2787 17 2792; x_wconf 43' lang='lat'>¹</span> <span class='ocrx_word' id='word_1_200' title='bbox 80 2762 120 2828; x_wconf 90' lang='lat' dir='ltr'><strong>sit</strong></span> <span class='ocrx_word' id='word_1_201' title='bbox 142 2761 185 2826; x_wconf 92' lang='lat' dir='ltr'><strong>de</strong></span> <span class='ocrx_word' id='word_1_202' title='bbox 208 2759 337 2826; x_wconf 89' lang='lat' dir='ltr'><strong>diuersa</strong></span> <span class='ocrx_word' id='word_1_203' title='bbox 358 2760 393 2825; x_wconf 91' lang='lat' dir='ltr'><strong>ui</strong></span> <span class='ocrx_word' id='word_1_204' title='bbox 414 2760 482 2824; x_wconf 92' lang='lat' dir='ltr'><strong>uini</strong></span> <span class='ocrx_word' id='word_1_205' title='bbox 503 2760 627 2825; x_wconf 86' lang='lat' dir='ltr'><strong>tristem</strong></span> <span class='ocrx_word' id='word_1_206' title='bbox 650 2758 801 2842; x_wconf 88' lang='lat' dir='ltr'><strong>hilarem,</strong></span> <span class='ocrx_word' id='word_1_207' title='bbox 825 2761 1003 2828; x_wconf 88' lang='lat' dir='ltr'><strong>inualidum</strong></span> <span class='ocrx_word' id='word_1_208' title='bbox 1024 2760 1139 2828; x_wconf 84' lang='lat' dir='ltr'><strong>iontem</strong></span> <span class='ocrx_word' id='word_1_209' title='bbox 1161 2759 1231 2825; x_wconf 91' lang='lat' dir='ltr'><strong>red-</strong></span> 
     </span>
    </p>
   </div>
   <div class='ocr_carea' id='block_1_11' title="bbox 16 2859 1232 3050">
    <p class='ocr_par' dir='ltr' id='par_1_18' title="bbox 16 2859 1232 3050">
     <span class='ocr_line' id='line_1_28' title="bbox 16 2859 1232 2946; baseline 0.001 -18"><span class='ocrx_word' id='word_1_210' title='bbox 16 2885 17 2892; x_wconf 52' lang='lat'><em>*</em></span> <span class='ocrx_word' id='word_1_211' title='bbox 80 2862 175 2929; x_wconf 87' lang='lat' dir='ltr'><strong>dente</strong></span> <span class='ocrx_word' id='word_1_212' title='bbox 203 2862 255 2937; x_wconf 87' lang='lat' dir='ltr'><strong>(oi.</strong></span> <span class='ocrx_word' id='word_1_213' title='bbox 278 2862 325 2927; x_wconf 94' lang='lat' dir='ltr'><strong>ibi</strong></span> <span class='ocrx_word' id='word_1_214' title='bbox 347 2859 538 2945; x_wconf 79' lang='lat' dir='ltr'><strong>Cypriorum</strong></span> <span class='ocrx_word' id='word_1_215' title='bbox 560 2866 687 2945; x_wconf 85' lang='lat' dir='ltr'><strong>poetae,</strong></span> <span class='ocrx_word' id='word_1_216' title='bbox 710 2861 846 2946; x_wconf 88' lang='lat' dir='ltr'><strong>Diphili,</strong></span> <span class='ocrx_word' id='word_1_217' title='bbox 870 2861 1098 2930; x_wconf 76' lang='lat' dir='ltr'><strong>Chaeremonis</strong></span> <span class='ocrx_word' id='word_1_218' title='bbox 1120 2860 1232 2936; x_wconf 79' lang='lat' dir='ltr'><strong>uerba)</strong></span> 
     </span>
     <span class='ocr_line' id='line_1_29' title="bbox 16 2961 1232 3050; baseline 0 -24"><span class='ocrx_word' id='word_1_219' title='bbox 16 2979 17 2982; x_wconf 71' lang='grc'>’</span> <span class='ocrx_word' id='word_1_220' title='bbox 81 2961 359 3050; x_wconf 66' lang='lat' dir='ltr'><strong>adamaveris.</strong></span> <span class='ocrx_word' id='word_1_221' title='bbox 382 2963 503 3044; x_wconf 85' lang='lat' dir='ltr'><strong>loquax</strong></span> <span class='ocrx_word' id='word_1_222' title='bbox 525 2970 674 3046; x_wconf 89' lang='lat' dir='ltr'><strong>putamus</strong></span> <span class='ocrx_word' id='word_1_223' title='bbox 696 2964 806 3028; x_wconf 91' lang='lat' dir='ltr'><strong>uinum</strong></span> <span class='ocrx_word' id='word_1_224' title='bbox 825 2964 1024 3048; x_wconf 88' lang='lat' dir='ltr'><strong>appellatum</strong></span> <span class='ocrx_word' id='word_1_225' title='bbox 1041 2981 1121 3043; x_wconf 88' lang='lat' dir='ltr'><strong>esse,</strong></span> <span class='ocrx_word' id='word_1_226' title='bbox 1145 2961 1232 3044; x_wconf 93' lang='lat' dir='ltr'><strong>quod</strong></span> 
     </span>
    </p>
   </div>
   <div class='ocr_carea' id='block_1_12' title="bbox 80 3062 1234 4063">
    <p class='ocr_par' dir='ltr' id='par_1_19' title="bbox 80 3062 1234 4063">
     <span class='ocr_line' id='line_1_30' title="bbox 80 3062 1232 3149; baseline 0 -20"><span class='ocrx_word' id='word_1_227' title='bbox 80 3066 249 3149; x_wconf 87' lang='lat' dir='ltr'><strong>loquaoem</strong></span> <span class='ocrx_word' id='word_1_228' title='bbox 271 3065 384 3131; x_wconf 85' lang='lat' dir='ltr'><strong>feeerit</strong></span> <span class='ocrx_word' id='word_1_229' title='bbox 405 3083 448 3128; x_wconf 89' lang='lat' dir='ltr'><strong>so.</strong></span> <span class='ocrx_word' id='word_1_230' title='bbox 472 3062 663 3148; x_wconf 82' lang='lat' dir='ltr'><strong>Gyolopem,</strong></span> <span class='ocrx_word' id='word_1_231' title='bbox 694 3066 746 3130; x_wconf 91' lang='lat' dir='ltr'><strong>oui</strong></span> <span class='ocrx_word' id='word_1_232' title='bbox 771 3066 971 3149; x_wconf 80' lang='lat' dir='ltr'><strong>suspicamur</strong></span> <span class='ocrx_word' id='word_1_233' title='bbox 998 3063 1079 3128; x_wconf 87' lang='lat' dir='ltr'><strong>haee</strong></span> <span class='ocrx_word' id='word_1_234' title='bbox 1107 3062 1232 3129; x_wconf 82' lang='lat' dir='ltr'><strong>dixisse</strong></span> 
     </span>
     <span class='ocr_line' id='line_1_31' title="bbox 82 3165 1230 3250; baseline -0.003 -17"><span class='ocrx_word' id='word_1_235' title='bbox 82 3167 229 3246; x_wconf 85' lang='lat' dir='ltr'><strong>Ulixem,</strong></span> <span class='ocrx_word' id='word_1_236' title='bbox 253 3185 324 3232; x_wconf 90' lang='lat' dir='ltr'><strong>oum</strong></span> <span class='ocrx_word' id='word_1_237' title='bbox 346 3166 387 3232; x_wconf 89' lang='lat' dir='ltr'><strong>de</strong></span> <span class='ocrx_word' id='word_1_238' title='bbox 409 3169 498 3231; x_wconf 87' lang='lat' dir='ltr'><strong>reeta</strong></span> <span class='ocrx_word' id='word_1_239' title='bbox 519 3166 587 3231; x_wconf 92' lang='lat' dir='ltr'><strong>uini</strong></span> <span class='ocrx_word' id='word_1_240' title='bbox 608 3165 742 3232; x_wconf 88' lang='lat' dir='ltr'><strong>bibendi</strong></span> <span class='ocrx_word' id='word_1_241' title='bbox 764 3167 887 3232; x_wconf 87' lang='lat' dir='ltr'><strong>ratione</strong></span> <span class='ocrx_word' id='word_1_242' title='bbox 908 3165 1127 3250; x_wconf 79' lang='lat' dir='ltr'><strong>praeciperet,</strong></span> <span class='ocrx_word' id='word_1_243' title='bbox 1153 3182 1230 3246; x_wconf 93' lang='lat' dir='ltr'><strong>qua·</strong></span> 
     </span>
     <span class='ocr_line' id='line_1_32' title="bbox 81 3265 1232 3350; baseline 0 -18"><span class='ocrx_word' id='word_1_244' title='bbox 81 3269 144 3333; x_wconf 92' lang='lat' dir='ltr'><strong>lem</strong></span> <span class='ocrx_word' id='word_1_245' title='bbox 166 3267 269 3334; x_wconf 91' lang='lat' dir='ltr'><strong>habos</strong></span> <span class='ocrx_word' id='word_1_246' title='bbox 291 3286 442 3333; x_wconf 79' lang='lat' dir='ltr'><strong>scaenam</strong></span> <span class='ocrx_word' id='word_1_247' title='bbox 455 3266 544 3350; x_wconf 91' lang='lat' dir='ltr'><strong>apud</strong></span> <span class='ocrx_word' id='word_1_248' title='bbox 558 3266 747 3350; x_wconf 78' lang='lat' dir='ltr'><strong>Euripidem</strong></span> <span class='ocrx_word' id='word_1_249' title='bbox 769 3285 821 3330; x_wconf 91' lang='lat' dir='ltr'><strong>uu.</strong></span> <span class='ocrx_word' id='word_1_250' title='bbox 838 3269 910 3332; x_wconf 84' lang='grc'>570.</span> <span class='ocrx_word' id='word_1_251' title='bbox 927 3269 998 3330; x_wconf 82' lang='grc'>573.</span> <span class='ocrx_word' id='word_1_252' title='bbox 1032 3265 1081 3332; x_wconf 86' lang='lat' dir='ltr'><strong>Ao</strong></span> <span class='ocrx_word' id='word_1_253' title='bbox 1095 3265 1232 3332; x_wconf 88' lang='lat' dir='ltr'><strong>fortasse</strong></span> 
     </span>
     <span class='ocr_line' id='line_1_33' title="bbox 82 3361 1232 3452; baseline 0 -18"><span class='ocrx_word' id='word_1_254' title='bbox 82 3369 192 3436; x_wconf 88' lang='lat' dir='ltr'><strong>lioebit</strong></span> <span class='ocrx_word' id='word_1_255' title='bbox 214 3369 261 3436; x_wconf 91' lang='lat' dir='ltr'><strong>sio</strong></span> <span class='ocrx_word' id='word_1_256' title='bbox 284 3368 432 3435; x_wconf 88' lang='lat' dir='ltr'><strong>ordinare</strong></span> <span class='ocrx_word' id='word_1_257' title='bbox 455 3368 645 3434; x_wconf 89' lang='lat' dir='ltr'><strong>sententias:</strong></span> <span class='ocrx_word' id='word_1_258' title='bbox 672 3361 714 3434; x_wconf 88' lang='lat' dir='ltr'><strong>‘si</strong></span> <span class='ocrx_word' id='word_1_259' title='bbox 736 3369 818 3434; x_wconf 89' lang='lat' dir='ltr'><strong>bene</strong></span> <span class='ocrx_word' id='word_1_260' title='bbox 839 3366 917 3434; x_wconf 89' lang='lat' dir='ltr'><strong>fluet</strong></span> <span class='ocrx_word' id='word_1_261' title='bbox 943 3369 1066 3452; x_wconf 88' lang='lat' dir='ltr'><strong>uinum,</strong></span> <span class='ocrx_word' id='word_1_262' title='bbox 1096 3388 1232 3452; x_wconf 83' lang='lat' dir='ltr'><strong>magnus</strong></span> 
     </span>
     <span class='ocr_line' id='line_1_34' title="bbox 82 3468 1234 3555; baseline -0.001 -19"><span class='ocrx_word' id='word_1_263' title='bbox 82 3476 189 3537; x_wconf 91' lang='lat' dir='ltr'><strong>orator</strong></span> <span class='ocrx_word' id='word_1_264' title='bbox 210 3471 264 3536; x_wconf 91' lang='lat' dir='ltr'><strong>uel</strong></span> <span class='ocrx_word' id='word_1_265' title='bbox 286 3470 393 3554; x_wconf 88' lang='lat' dir='ltr'><strong>potius</strong></span> <span class='ocrx_word' id='word_1_266' title='bbox 415 3487 550 3553; x_wconf 82' lang='lat' dir='ltr'><strong>magnus</strong></span> <span class='ocrx_word' id='word_1_267' title='bbox 574 3468 714 3535; x_wconf 85' lang='lat' dir='ltr'><strong>musiods</strong></span> <span class='ocrx_word' id='word_1_268' title='bbox 742 3471 879 3537; x_wconf 82' lang='lat' dir='ltr'><strong>exsistas</strong></span> <span class='ocrx_word' id='word_1_269' title='bbox 908 3490 951 3536; x_wconf 91' lang='lat' dir='ltr'><strong>so.</strong></span> <span class='ocrx_word' id='word_1_270' title='bbox 980 3478 1015 3537; x_wconf 92' lang='lat' dir='ltr'><strong>ut</strong></span> <span class='ocrx_word' id='word_1_271' title='bbox 1042 3489 1172 3555; x_wconf 87' lang='lat' dir='ltr'><strong>perores</strong></span> <span class='ocrx_word' id='word_1_272' title='bbox 1202 3476 1234 3536; x_wconf 88' lang='lat' dir='ltr'><strong>et</strong></span> 
     </span>
     <span class='ocr_line' id='line_1_35' title="bbox 81 3562 1232 3656; baseline -0.003 -17"><span class='ocrx_word' id='word_1_273' title='bbox 81 3572 282 3656; x_wconf 86' lang='lat' dir='ltr'><strong>permuloeas</strong></span> <span class='ocrx_word' id='word_1_274' title='bbox 297 3562 493 3638; x_wconf 80' lang='lat' dir='ltr'><strong>Galateam’.</strong></span> <span class='ocrx_word' id='word_1_275' title='bbox 527 3569 686 3636; x_wconf 86' lang='lat' dir='ltr'><strong>Nimirum</strong></span> <span class='ocrx_word' id='word_1_276' title='bbox 701 3573 804 3638; x_wconf 89' lang='lat' dir='ltr'><strong>uoluit</strong></span> <span class='ocrx_word' id='word_1_277' title='bbox 817 3571 1054 3656; x_wconf 83' lang='lat' dir='ltr'><strong>Polyphemum</strong></span> <span class='ocrx_word' id='word_1_278' title='bbox 1076 3573 1141 3637; x_wconf 89' lang='lat' dir='ltr'><strong>iam</strong></span> <span class='ocrx_word' id='word_1_279' title='bbox 1163 3573 1232 3637; x_wconf 89' lang='lat' dir='ltr'><strong>irri-</strong></span> 
     </span>
     <span class='ocr_line' id='line_1_36' title="bbox 81 3672 1233 3758; baseline -0.003 -18"><span class='ocrx_word' id='word_1_280' title='bbox 81 3695 178 3757; x_wconf 83' lang='lat' dir='ltr'><strong>guum</strong></span> <span class='ocrx_word' id='word_1_281' title='bbox 206 3679 243 3739; x_wconf 91' lang='lat' dir='ltr'><strong>ut</strong></span> <span class='ocrx_word' id='word_1_282' title='bbox 271 3675 345 3757; x_wconf 90' lang='lat' dir='ltr'><strong>plus</strong></span> <span class='ocrx_word' id='word_1_283' title='bbox 375 3675 442 3739; x_wconf 89' lang='lat' dir='ltr'><strong>uini</strong></span> <span class='ocrx_word' id='word_1_284' title='bbox 473 3672 670 3739; x_wconf 74' lang='lat' dir='ltr'><strong>combiberet</strong></span> <span class='ocrx_word' id='word_1_285' title='bbox 702 3693 760 3758; x_wconf 90' lang='lat' dir='ltr'><strong>spe</strong></span> <span class='ocrx_word' id='word_1_286' title='bbox 793 3675 850 3739; x_wconf 93' lang='lat' dir='ltr'><strong>illa</strong></span> <span class='ocrx_word' id='word_1_287' title='bbox 881 3693 1083 3740; x_wconf 81' lang='lat' dir='ltr'><strong>commouere</strong></span> <span class='ocrx_word' id='word_1_288' title='bbox 1117 3675 1233 3739; x_wconf 91' lang='lat' dir='ltr'><strong>oertior</strong></span> 
     </span>
     <span class='ocr_line' id='line_1_37' title="bbox 83 3772 1233 3869; baseline -0.001 -30"><span class='ocrx_word' id='word_1_289' title='bbox 83 3777 184 3842; x_wconf 86' lang='lat' dir='ltr'><strong>faetus</strong></span> <span class='ocrx_word' id='word_1_290' title='bbox 207 3775 249 3840; x_wconf 90' lang='lat' dir='ltr'><strong>de</strong></span> <span class='ocrx_word' id='word_1_291' title='bbox 271 3776 341 3841; x_wconf 88' lang='lat' dir='ltr'><strong>eius</strong></span> <span class='ocrx_word' id='word_1_292' title='bbox 370 3775 540 3842; x_wconf 89' lang='lat' dir='ltr'><strong>amoribus.</strong></span> <span class='ocrx_word' id='word_1_293' title='bbox 585 3775 692 3858; x_wconf 89' lang='lat' dir='ltr'><strong>Atque</strong></span> <span class='ocrx_word' id='word_1_294' title='bbox 719 3777 812 3841; x_wconf 89' lang='lat' dir='ltr'><strong>metri</strong></span> <span class='ocrx_word' id='word_1_295' title='bbox 842 3777 983 3869; x_wconf 81' lang='lat' dir='ltr'><strong>grauitas</strong></span> <span class='ocrx_word' id='word_1_296' title='bbox 1010 3772 1233 3857; x_wconf 86' lang='lat' dir='ltr'><strong>praeeipiendi</strong></span> 
     </span>
     <span class='ocr_line' id='line_1_38' title="bbox 84 3873 1232 3961; baseline -0.002 -20"><span class='ocrx_word' id='word_1_297' title='bbox 84 3877 233 3957; x_wconf 79' lang='lat' dir='ltr'><strong>grauitati</strong></span> <span class='ocrx_word' id='word_1_298' title='bbox 262 3875 445 3960; x_wconf 90' lang='lat' dir='ltr'><strong>respondet.</strong></span> <span class='ocrx_word' id='word_1_299' title='bbox 489 3877 683 3960; x_wconf 83' lang='lat' dir='ltr'><strong>Fragmento</strong></span> <span class='ocrx_word' id='word_1_300' title='bbox 713 3883 821 3943; x_wconf 91' lang='lat' dir='ltr'><strong>autem</strong></span> <span class='ocrx_word' id='word_1_301' title='bbox 845 3881 882 3941; x_wconf 91' lang='grc'><strong>17</strong></span> <span class='ocrx_word' id='word_1_302' title='bbox 911 3876 1052 3961; x_wconf 90' lang='lat' dir='ltr'><strong>postulat</strong></span> <span class='ocrx_word' id='word_1_303' title='bbox 1081 3873 1232 3957; x_wconf 77' lang='lat' dir='ltr'><strong>Cyclops,</strong></span> 
     </span>
     <span class='ocr_line' id='line_1_39' title="bbox 85 3975 1232 4063; baseline 0 -23"><span class='ocrx_word' id='word_1_304' title='bbox 85 3979 133 4042; x_wconf 91' lang='lat' dir='ltr'><strong>oui</strong></span> <span class='ocrx_word' id='word_1_305' title='bbox 155 3979 316 4063; x_wconf 87' lang='lat' dir='ltr'><strong>persuasit</strong></span> <span class='ocrx_word' id='word_1_306' title='bbox 338 3976 474 4060; x_wconf 87' lang='lat' dir='ltr'><strong>hospitis</strong></span> <span class='ocrx_word' id='word_1_307' title='bbox 496 3979 630 4061; x_wconf 89' lang='lat' dir='ltr'><strong>astutia,</strong></span> <span class='ocrx_word' id='word_1_308' title='bbox 659 3986 770 4063; x_wconf 89' lang='lat' dir='ltr'><strong>potum</strong></span> <span class='ocrx_word' id='word_1_309' title='bbox 798 3980 889 4044; x_wconf 92' lang='lat' dir='ltr'><strong>illum</strong></span> <span class='ocrx_word' id='word_1_310' title='bbox 911 3977 1057 4043; x_wconf 89' lang='lat' dir='ltr'><strong>membra</strong></span> <span class='ocrx_word' id='word_1_311' title='bbox 1081 3975 1232 4041; x_wconf 87' lang='lat' dir='ltr'><strong>roboran-</strong></span> 
     </span>
    </p>
   </div>
   <div class='ocr_carea' id='block_1_13' title="bbox 0 0 1522 4672">
    <p class='ocr_par' dir='ltr' id='par_1_20' title="bbox 0 0 1522 4672">
     <span class='ocr_line' id='line_1_40' title="bbox 0 0 1522 4672; baseline 0 0"><span class='ocrx_word' id='word_1_312' title='bbox 0 0 1522 4672; x_wconf 95' lang='lat' dir='ltr'><strong> </strong></span> 
     </span>
    </p>
   </div>
  </div>
 </body>
</html>
