3028 4672
507 264 549 319 De
566 263 730 335 Polyphemo
748 269 776 319 et
794 262 915 318 Galatea.
1043 326 1047 335 Ι
1225 264 1285 322 155

135 444 317 508 Eumaeum
339 437 529 522 alloquitur,
553 442 585 502 et
606 442 782 521 praeeunte
804 434 967 503 Odofredo
983 435 1118 500 Mueller
1139 436 1216 502 Dor.
1232 437 1288 501 11²

132 565 168 628 p.
183 546 243 608 351
267 541 310 607 ad
332 540 463 607 Ulixem
486 539 629 604 fabulam
650 539 752 605 relato
773 544 865 623 putat
889 537 936 602 ita
963 543 1185 618 argumentum
1214 559 1287 604 oon-

134 647 301 712 oinnatum
315 641 426 724 fuisse,
447 647 484 706 ut
497 640 611 707 Ulixes
631 640 799 724 naufragio
820 640 905 706 facto
927 638 970 704 ad
993 639 1130 704 insulam
1150 641 1289 722 patriam

134 735 357 830 appellaretur
372 749 404 808 et
417 741 460 808 ad
474 741 688 827 propinquam
703 742 837 806 1111111111
852 741 977 808 subulci
998 741 1105 806 aulam
1126 741 1288 824 profectus

136 869 212 915 cum
235 867 273 914 eo
297 845 338 913 de
359 845 467 910 multis
490 844 585 909 rebus
606 843 765 928 imprimis
787 840 1021 927 philosophicis
1039 861 1218 908 sermonem
1241 843 1288 907 in·

133 952 296 1031 stitueret‚
319 947 409 1013 cuius
424 945 650 1030 disputationis
664 944 829 1027 specimen
849 944 1032 1027 aDiogene
1053 949 1215 1010 seruatum
1236 945 1288 1026 sit,

135 1056 289 1135 spectans
311 1048 353 1114 ad
376 1048 517 1114 omnium
540 1047 725 1112 animalium
747 1041 806 1130 cqc
828 1047 887 1131 τῆς
908 1039 1107 1132 ὁμοιότητος
1128 1048 1288 1130 θεωρίαν.

134 1153 231 1218 Η110
246 1150 429 1217 coniectura
444 1151 490 1215 ita
503 1150 625 1234 placuit
639 1149 811 1214 Welokcro
827 1149 848 1213 l.
860 1149 881 1213 l.
897 1169 929 1232 p.
943 1150 1015 1230 297,
1038 1154 1074 1213 ut
1095 1147 1289 1214 facetissime

135 1252 261 1338 opponi
283 1251 440 1317 iudicaret
460 1251 649 1334 naufragum
672 1256 704 1316 et
725 1247 954 1334 philosophum
983 1254 1025 1326 (u.
1050 1250 1148 1315 etiam
1169 1249 1289 1332 Bergk.

135 1359 309 1422 comment.
330 1351 371 1419 de
390 1353 504 1434 reliqu.
521 1372 600 1419 com.
615 1351 681 1416 Att.
697 1356 761 1416 ant.
784 1371 815 1434 p.
830 1355 906 1434 1503
935 1350 972 1414 L.
988 1349 1144 1416 Schmidt.
1167 1357 1289 1433 quaest.

136 1454 324 1540 Epicharin.
346 1455 447 1519 Bonn.
463 1456 544 1518 1846
566 1474 597 1537 p.
610 1455 666 1535 523
697 1451 848 1518 Mullaoh.
871 1451 962 1534 frgm.
984 1451 1064 1536 phil.
1087 1451 1140 1517 Gr.
1162 1453 1289 1534 1‚132).

136 1558 255 1640 Neque
270 1561 378 1622 tamen
399 1575 458 1621 nos
480 1554 524 1620 ad
546 1553 659 1620 horum
680 1555 821 1619 uirorum
843 1559 951 1637 partes
973 1552 1163 1618 adducimur
1184 1573 1290 1637 neque

135 1658 298 1726 adductus
327 1664 376 1724 est
396 1657 570 1722 Lorenzius
591 1656 645 1720 l.l.
668 1676 700 1739 p.
714 1655 775 1719 186
796 1658 910 1737 11014,
941 1654 997 1736 qui
1022 1673 1127 1737 neque
1146 1651 1191 1720 'dc
1212 1675 1290 1722 nan-

136 1761 244 1843 fragio
267 1759 416 1842 cogitari,
446 1777 518 1824 cum
548 1763 634 1824 certe
663 1757 837 1839 naufragus
864 1776 929 1822 non
958 1756 1082 1822 uenerit
1104 1756 1219 1823 Ulixes
1247 1757 1291 1823 ad

137 1863 317 1927 Eumaeum
340 1859 523 1942 subulcum,
554 1878 659 1942 neque
680 1857 920 1942 philosophiam
943 1856 1193 1942 Pythagorieam
1214 1859 1289 1926 ferri

135 1981 238 2048 posse
257 1967 343 2027 recte
359 1962 518 2044 cognouit,
541 1961 617 2026 licet
638 1961 738 2026 debili
760 1959 1034 2043 argumentatione
1050 1959 1196 2044 Grysarii
1217 1982 1290 2046 par-

134 2072 190 2130 tes
218 2068 343 2129 tueatur
369 2062 518 2128 Holmius
546 2060 619 2128 hist.
642 2062 707 2129 Sic.
729 2069 792 2128 ant.
814 2062 830 2126 I
852 2082 883 2145 p.
901 2065 972 2125 424.
1024 2063 1159 2146 Propter
1189 2064 1291 2128 solum

137 2170 250 2231 autem
271 2164 407 2230 Eumaei
428 2183 544 2229 nomen
569 2165 602 2228 in
626 2162 708 2229 hanc
736 2162 936 2252 comoediam
965 2163 1102 2227 relatum
1130 2169 1179 2228 est
1206 2164 1290 2248 frag-

137 2271 283 2332 mentum
304 2263 578 2349 philosophicum,
607 2265 694 2347 quod
716 2266 838 2346 absque
861 2263 923 2329 hoo
950 2264 1079 2329 nomine
1106 2283 1291 2330 0111101110-

136 2386 238 2449 quam
261 2365 336 2432 huic
356 2367 486 2432 fabulae
504 2365 709 2431 uindicasset.
748 2365 866 2430 Contra
888 2365 916 2430 si
938 2366 979 2431 ab
1001 2365 1082 2448 ipsis
1103 2365 1291 2449 fragmentis

138 2469 249 2535 Ulixis
263 2469 410 2550 naufragi
424 2466 665 2553 proficiscimur,
688 2467 729 2531 ab
752 2467 808 2532 illo
825 2464 985 2532 Athenaei
1006 2468 1078 2535 loco
1102 2474 1134 2532 ct
1149 2467 1290 2534 Pollucis

137 2571 183 2653 X,
198 2573 273 2635 134:
302 2559 430 2651 ὅρθίαξ
450 2565 486 2632 τὸ
508 2565 598 2632 κάνιο
615 2569 675 2632 τοῦ
691 2567 785 2632 ἱστοῦ
805 2567 966 2648 καλεῖται,
989 2561 1035 2645 ὡς
1057 2565 1094 2634 τὸ
1120 2561 1189 2633 άνω
1211 2592 1291 2652 καρ-

136 2669 272 2756 χήσιον·
301 2670 355 2734 καὶ
379 2667 451 2733 ἔστι
472 2663 619 2752 τοῦνομα
641 2666 678 2736 τὸ
703 2661 831 2754 ὄρθίαξ
858 2667 891 2734 ἓν
909 2661 1111 2758 Ἐπιχάρμου
1133 2673 1291 2756 Ναυαγῷ,

137 2773 302 2859 posterius
323 2772 490 2838 referimus
512 2772 722 2856 probabiliter
744 2793 816 2839 cum
831 2773 985 2858 Grysario
1009 2779 1040 2838 et
1054 2773 1225 2840 Wclclxero
1248 2773 1292 2838 ad

136 2877 246 2959 ipsam
269 2873 395 2940 cladem
417 2875 510 2939 titulo
532 2873 755 2960 significatam,
779 2895 821 2940 ex
839 2876 946 2959 priore
961 2875 1113 2940 discimus
1128 2875 1290 2957 Diomum,

138 2976 330 3044 bucoliasmi
352 2976 561 3058 inuentorem,
585 2982 866 3042 commemoratum
888 2976 997 3042 fuisse.
1033 2975 1069 3040 Si
1084 2975 1134 3040 his
1151 2994 1192 3039 ex
1206 2976 1291 3059 frag-

136 3078 257 3144 mentis
278 3077 442 3143 conclusio
469 3075 619 3142 faoienda
641 3082 706 3159 est,
735 3079 919 3160 putabimus
941 3077 1071 3142 Ulixem
1100 3075 1291 3158 naufragum

137 3179 334 3245 uenisse-ad
356 3178 501 3244 homines
527 3179 723 3262 pastoralem
745 3179 846 3244 uitam
868 3178 1032 3260 degentes.
1076 3176 1291 3244 Prouocamus

136 3281 184 3346 ad
199 3281 294 3346 Hom.
311 3277 370 3345 Od.
386 3279 444 3362 ΙΧ,
461 3281 522 3343 283
535 3299 616 3362 sqq,
639 3280 755 3361 quibus
776 3280 922 3344 uersibus
945 3278 1058 3344 Ulixes
1081 3278 1292 3363 interroganti

136 3378 343 3465 Polyphemo
366 3381 421 3447 nbi
443 3401 560 3448 nauem
581 3381 747 3463 reliquerit
769 3379 957 3463 respondet:

270 3483 339 3546 νέα
360 3483 420 3562 μέν
442 3505 500 3563 μοι
523 3479 695 3557 κατέαξε
716 3478 917 3545 Ποσειδάων
939 3477 1124 3562 ἐνοσίχθων

269 3578 356 3667 πρὸς
377 3586 520 3669 πέτρῃσι
540 3578 654 3666 βαλών
675 3576 760 3668 ὑμῆς
781 3579 839 3647 ἐπὶ
861 3587 1001 3666 πείρασι
1026 3587 1137 3668 γαίης,

271 3677 352 3769 άκρῃ
375 3683 633 3770 προσπελάσας·
657 3677 779 3767 άνεμος
801 3676 834 3749 δ’
854 3681 889 3750 ἐκ
909 3681 1035 3750 πόντου
1059 3682 1195 3749 ἐ’νεικεν·

270 3778 375 3869 αὐτὰρ
398 3783 460 3870 ἐγώ
484 3785 544 3852 σὺν
558 3786 679 3853 ’τοῖσδε
699 3781 890 3873 ὑπέκφυγον
913 3782 1015 3851 αἰπὺν
1037 3778 1182 3870 ὄλεθρον

139 3888 195 3966 (cf.
211 3888 285 3952 Eur.
301 3888 390 3972 Cycl.
410 3892 479 3954 109.
496 3891 557 3953 299
566 3890 659 3972 sqq).
697 3889 834 3955 Simulat
855 3891 953 3972 igitur
971 3888 1086 3954 Ulixes
1108 3906 1143 3952 se
1165 3885 1290 3950 naufra-

139 4008 217 4072 gum
240 3989 410 4055 aduenisse
433 3990 476 4054 ad
498 3989 676 4074 Cyclopum
698 3997 825 4057 terram.
869 3991 984 4056 Nonne
1012 3989 1055 4053 ad
1083 3987 1164 4053 haec
1192 3987 1293 4053 uerba
