2998 4674
377 303 381 314 Ι
459 229 501 284 De
518 229 683 300 Polyphemo
701 237 728 286 et
746 231 867 288 Galatea.
962 232 966 247 '
1090 215 1093 223 ᾗ
1175 232 1235 290 229

103 401 293 486 v1,1osqq.:
722 397 752 497 ἆ,
767 402 802 468 δὲ
823 398 962 488 padusia

158 501 216 580 εἰς
239 495 316 568 iila
339 501 579 586 δερκομένα,
602 502 644 570 τὰ
668 502 704 569 δέ
726 530 776 570 νιν
798 491 882 571 καλὰ
904 503 1033 588 κύματα
1055 512 1171 593 φαίνει

158 597 260 687 dccxc
280 603 498 688 καχλάζοντος
520 597 576 670 ἐπ’
603 603 768 690 αἰγιαλοῖο
790 611 943 674 drocone.

99 708 291 792 Compar-atis
313 708 364 775 his
386 709 465 775 locis
492 708 528 773 fit
555 710 773 793 manifestum,
804 731 866 794 quo
894 712 961 778 fere
991 732 1115 778 conexu
1138 714 1232 798 Poly-

95 809 223 894 phemus
247 811 373 878 dicatur
394 831 482 877 marc
503 819 666 895 spectare,
695 814 845 878 nimirum
867 811 965 880 edens
988 815 1082 881 simul
1105 835 1233 882 carmen

95 915 296 997 amatorium,
319 932 382 997 quo
404 913 527 979 alliciat
548 913 733 997 Galateam,
762 916 848 998 quod
870 916 1000 1000 quidem
1022 937 1148 984 carmen
1169 925 1232 984 sta-

14 1057 15 1061 =
94 1016 147 1080 tim
168 1016 349 1083 adnectitur
369 1014 458 1100 apud
479 1015 685 1083 Theocritum
707 1017 765 1102 XI,
779 1021 889 1101 17sq.:

522 1114 744 1201 καθεζόμενος
766 1111 798 1184 d'
824 1116 882 1186 ἐπὶ
905 1124 1030 1206 πέτρας

282 1213 415 1306 ὑψηλᾶς
438 1217 471 1295 ἐς
493 1217 618 1284 πόντον
640 1214 727 1305 ὁρῶν
751 1214 866 1288 ἄειδε
886 1225 1039 1303 τοιαῦτα,
1071 1261 1072 1266 1

90 1322 174 1406 apud
197 1322 350 1388 Ouidium
372 1328 498 1388 metam.
514 1323 604 1406 XIII,
618 1326 679 1388 785
691 1344 776 1408 sqq:

283 1431 449 1491 senserunt
470 1426 529 1490 toti
550 1427 735 1509 pastoria
756 1426 882 1493 sibila
903 1434 1042 1512 montes,

282 1533 449 1594 senserunt
469 1528 585 1594 undae.

88 1631 159 1695 Non
181 1630 316 1707 multum
344 1631 441 1713 igitur
469 1651 489 1695 a
517 1649 593 1697 uero
621 1629 855 1714 aberrabimus,
884 1632 912 1698 si
941 1631 1030 1715 apud
1050 1631 1230 1697 Hermesia·

87 1738 213 1797 nactem
235 1752 362 1814 qnoque
384 1737 440 1798 aut
460 1751 683 1816 praegressam
703 1738 759 1797 aut
781 1733 983 1828 subsecutam
1013 1753 1084 1800 esse
1113 1739 1231 1800 statue·

87 1836 185 1901 rimus
208 1835 339 1901 mollem
360 1836 561 1902 cantilenam.
606 1833 700 1912 Quod
724 1833 867 1900 additur:

281 1934 365 2023 μόνη
389 1936 425 2000 δέ
447 1935 479 2001 οἱ
503 1933 659 2022 ἐφλέγετο
680 1932 775 2020 ydria,

85 2041 223 2123 pertinet
237 2039 280 2105 ad
296 2040 543 2123 descriptionem
565 2038 686 2122 figurae
701 2038 863 2124 Cyclopis,
887 2059 983 2122 quam
1004 2040 1086 2106 alias
1108 2039 1230 2105 inueni-

84 2161 155 2208 mus
170 2143 234 2225 ipsi
249 2143 356 2208 cantui
371 2143 540 2224 insertam3
555 2160 661 2224 neque
676 2139 730 2207 hic
742 2141 971 2207 accuratiorem
982 2141 1229 2207 delineationem

83 2245 299 2327 praecessisse
313 2245 490 2329 opinamur,
514 2243 572 2310 sed
587 2244 614 2309 si
630 2242 708 2325 quid
723 2243 876 2309 sentimus
898 2242 961 2309 hoc
979 2242 1231 2310 additamentum

14 2368 15 2374 ¹
83 2349 169 2433 epici
184 2349 303 2414 tenoris
317 2366 406 2412 more
427 2346 610 2412 adiunctum
626 2345 753 2412 uidetur
767 2365 817 2427 eo,
840 2364 903 2428 quo
925 2345 1066 2412 indicata
1088 2347 1231 2413 oratione

83 2449 208 2515 directa
229 2469 287 2532 por
308 2449 482 2533 particulas
506 2445 542 2511 δέ
563 2448 618 2512 uel
638 2442 701 2531 γάρ
730 2446 858 2513 adnecti
879 2448 962 2514 solet
983 2448 1108 2532 aliquid
1130 2449 1229 2516 hemi-

13 2578 18 2638 ,1
82 2551 191 2618 stichii
213 2552 279 2618 fere
302 2551 452 2618 cancellis
475 2550 647 2633 inclusum,
678 2548 767 2632 quod
787 2549 947 2632 loquentis
969 2556 1135 2617 externam
1157 2572 1229 2618 con-

13 2641 14 2656 *
81 2655 244 2720 dicionem
266 2660 298 2720 et
319 2653 463 2720 habitum
485 2653 623 2719 illustrat
648 2652 686 2719 cf.
708 2652 745 2716 ΙΙ.
757 2651 828 2734 VH,
845 2655 895 2717 95.
923 2652 966 2737 X,
983 2653 1054 2718 300.
1080 2653 1139 2734 ΙΧ,
1157 2657 1229 2718 433.

81 2757 170 2840 VIH,
186 2759 248 2821 493
261 2776 329 2839 sqq.
358 2755 418 2821 Od.
435 2755 521 2838 VIII,
533 2757 612 2837 4763
640 2754 747 2838 Apoll.
763 2754 867 2820 Rhod.
883 2756 908 2839 I,
926 2757 997 2820 887.
1019 2756 1077 2838 Ill,
1091 2757 1172 2819 1007
1181 2775 1228 2837 sq.

81 2870 111 2927 et
137 2861 192 2942 qui
215 2859 360 2942 proxime
382 2857 425 2924 ad
446 2858 537 2923 illum
558 2857 680 2923 faciunt
704 2857 768 2924 loci
789 2857 952 2942 Il.I,104.
969 2860 1040 2921 200.
1081 2856 1230 2922 Ceterum

13 2983 14 2990 ¹
81 2984 147 3047 qua
160 2963 285 3028 ratione
301 2981 428 3026 carmen
442 2960 495 3025 uel
511 2958 593 3027 hanc
607 2960 702 3044 primi
716 2960 843 3026 Leontii
864 2960 938 3024 libri
955 2965 1079 3043 partem
1101 2961 1228 3042 compo-

11 3113 12 3152 ,
81 3067 182 3133 suerit
196 3065 430 3130 Hermesianax
444 3082 574 3147 prorsus
589 3083 648 3129 nos
662 3061 758 3144 fugit;
780 3080 841 3127 nec
855 3062 950 3126 nauci
966 3068 1015 3126 est
1028 3058 1072 3125 ad
1087 3061 1228 3127 uirorum
1246 3117 1249 3122 ,

10 3183 12 3260 l
81 3169 248 3234 doctorum
272 3166 313 3231 de
335 3164 396 3233 hac
418 3186 452 3231 re
476 3166 642 3250 opiniones
664 3183 781 3228 nonam
803 3161 923 3228 addere
945 3183 1009 3227 non
1030 3163 1133 3245 magis
1155 3183 1228 3248 pro-

81 3270 231 3336 babilem.
268 3268 407 3334 Profecti
429 3275 502 3334 sunt
525 3267 586 3333 hac
607 3268 640 3330 in
662 3264 849 3347 quaestione
871 3264 1066 3330 instituenda
1087 3267 1228 3333 maxime

80 3375 122 3438 ab
146 3371 264 3454 insigni
286 3370 463 3452 fragmento
486 3370 631 3452 longiore
653 3367 694 3432 ah
716 3365 832 3432 Athen.
848 3366 929 3430 XIIl
951 3387 982 3450 p.
999 3370 1139 3452 597sqq.
1163 3390 1228 3436 ser·

80 3480 156 3540 nato
172 3473 257 3537 tertii
273 3472 329 3538 illo
345 3472 476 3554 quidem
494 3471 578 3554 libri,
601 3476 633 3536 et
656 3489 727 3536 cum
749 3469 783 3534 in
805 3468 868 3535 hoo
890 3469 1091 3537 celeberrimi
1112 3482 1228 3556 poetae

80 3585 111 3640 et
136 3572 321 3659 philosophi
344 3575 399 3655 qui
421 3574 551 3657 quidem
573 3574 639 3638 uim
661 3572 779 3638 amoris
800 3573 889 3654 passi
911 3582 1018 3639 essent
1045 3595 1087 3640 ex
1115 3576 1228 3642 ordine

80 3683 330 3759 recenserentur,
354 3677 450 3741 etiam
473 3678 505 3741 in
528 3677 643 3743 ceteris
664 3675 755 3741 libris
776 3695 888 3759 parem
911 3683 1072 3742 cateruam
1092 3679 1226 3743 aliorum

80 3785 259 3845 amatorum
281 3777 469 3860 productam
491 3779 591 3844 fuisse
609 3779 784 3859 coniecere,
807 3779 896 3843 uelut
917 3779 951 3843 in
972 3778 1074 3862 primo
1096 3786 1226 3862 propter

81 3879 315 3965 Polyphemum
330 3885 502 3964 pastorum.
536 3879 633 3946 Ouius
649 3881 850 3946 coniecturae
865 3879 945 3944 fides
961 3881 1013 3945 uel
1032 3880 1108 3945 inde
1129 3880 1225 3948 ualde

82 3982 272 4067 infringitur,
296 3981 382 4064 quod
397 3981 438 4047 de
453 3981 554 4046 altero
569 3981 652 4047 libro
668 3982 771 4049 simile
792 3980 869 4063 quid
885 3981 1086 4065 comprobari
1105 3983 1225 4070 nequit,
