3028 4672
287 232 351 291 204
653 232 785 302 Georgius
803 232 938 290 Ricardus
955 231 1074 288 Hollund

287 413 369 489 tcm,
401 425 463 489 quo
492 406 633 471 animum
663 407 725 472 sibi
753 404 854 472 addat
882 405 925 472 ad
953 405 1163 471 mulierculae
1191 406 1338 474 fauorem
1369 428 1438 492 cap-

286 506 428 572 tandum.

371 605 539 692 Adcspota
561 609 742 692 fragmenta
763 608 851 674 omni
872 606 1071 674 dubitatione
1095 609 1222 674 seclusa
1243 607 1307 675 huc
1330 609 1438 676 referri

285 716 421 794 possunt
448 710 547 775 nulla
592 709 683 789 Quae
704 710 868 775 Himerius
891 714 969 774 orat.
989 709 1014 791 Ι,
1030 711 1068 772 19
1092 709 1222 792 (Bergk.
1243 710 1300 774 ll
1322 730 1356 794 p
1370 713 1438 787 616)

286 810 413 877 laudat:
443 834 473 876 ει
463 809 532 875 ’δὲ
554 812 611 877 καὶ
631 809 669 876 τὸ
695 804 801 886 άνθος
823 811 882 896 τῆς
904 802 1019 893 ὅψεως
1038 807 1180 896 γράφειν
1204 806 1378 892 ἐθέλοιμι,
1401 807 1438 874 τὰ

286 914 436 999 ποιητῶν
459 899 581 998 ἀνάγκη
609 905 882 998 φθέγγεσθαι·“
873 894 913 974 αὖ
943 908 1136 997 λευκότητος
1163 935 1219 976 και
1247 903 1437 1030 γάλακτος·

286 1016 391 1078 ταῦτα
412 1011 475 1097 γάρ
498 1011 565 1078 ποό
587 1037 639 1090 τις
666 1010 794 1100 ποιμὴν
816 1035 887 1098 παρ
927 1009 1065 1088 ἐκείνοις
1093 1014 1217 1077 ποθων
1244 1010 1306 1131 την
1330 1018 1363 1078 Γ
1361 1011 1438 1078 αλα

286 1137 378 1179 τειαν
399 1111 459 1200 τὴν
482 1113 638 1202 Νηρηίδα
660 1111 915 1201 προσελρηκεν’
901 1137 936 1178 εκ
957 1137 1016 1199 της
1045 1110 1164 1179 ἑαυτοῦ
1191 1136 1343 1201 ποιησας
1371 1117 1438 1195 τέχ-

287 1239 344 1302 νης
372 1212 410 1280 τό
440 1215 540 1298 μέλος
569 1238 589 1283 a
616 1217 866 1285 Schneidewino
894 1217 1012 1283 annall.
1034 1217 1094 1281 litt.
1117 1217 1281 1282 Ien.1845
1311 1239 1345 1302 p.
1361 1220 1436 1281 1166

285 1318 339 1395 (cf.
355 1318 512 1401 Hartung.
527 1340 559 1403 p.
573 1321 647 1396 416)
670 1320 703 1385 in
725 1322 857 1403 plenum
878 1338 1007 1385 uersum
1030 1324 1126 1384 aucta
1146 1317 1231 1384 huno

493 1403 518 1482 ὦ
543 1417 739 1496 λευκότατος
760 1421 817 1485 καὶ
839 1417 1002 1505 γάλακτος
1026 1419 1234 1503 λευκοτέρας,

288 1539 384 1603 quem
406 1540 462 1586 cur
485 1521 645 1605 Bergkius
668 1523 799 1606 antiquo
821 1528 919 1606 poeta
940 1523 1038 1605 plane
1059 1520 1227 1604 indignum
1249 1521 1375 1589 iudicet
1397 1523 1437 1586 in-

286 1623 482 1708 tellegimus,
511 1645 575 1691 non
597 1625 801 1709 dispicimus,
831 1645 886 1692 cur
914 1623 957 1690 ad
979 1623 1140 1690 Theocrit.
1156 1624 1213 1708 XI,
1231 1627 1271 1687 20
1300 1625 1437 1691 referen-

286 1724 363 1790 dum
385 1725 504 1809 iubeat,
527 1732 658 1811 propter
678 1733 815 1792 metrum
837 1726 878 1791 ab
901 1730 1007 1791 aetate
1022 1725 1244 1792 Alexandrina
1265 1725 1437 1793 abhorrere

285 1825 379 1891 nobis
394 1826 558 1909 uidentur;
581 1847 620 1894 ac
641 1829 751 1894 nescio
773 1848 815 1893 an
838 1828 974 1893 dimeter
996 1825 1176 1892 trochaicus
1194 1825 1436 1911 dithyrambicis

285 1927 427 1992 numeris
449 1927 546 2011 plane
569 1926 685 2010 dignus
707 1929 803 1995 facile
824 1928 1019 2013 procudetur
1041 1927 1095 1994 hic

491 2026 688 2105 λευκότατος
712 2041 777 2094 παῖ
797 2027 961 2113 γάλακτος

286 2130 486 2214 respondens
508 2130 576 2197 fere
598 2130 811 2199 adlocutionis
835 2137 935 2199 metro

487 2230 768 2319 χρυσεοβόστρυχε
791 2230 973 2311 Γαλάτεια,

487 2332 715 2421 χαριτόφωνε,
738 2331 848 2410 θάλος
870 2331 1017 2420 ἐρώτων,

285 2440 321 2499 ut
334 2440 445 2516 pastor
459 2436 622 2502 Aetnaeus
635 2429 741 2504 ‘lactis
756 2438 843 2503 niuei
859 2437 1008 2504 candoris
1023 2425 1138 2502 ffiiam'
1153 2453 1300 2501 sermone
1316 2432 1434 2502 tumido

285 2541 426 2601 amatam
442 2538 621 2620 compellet,
646 2557 709 2621 quo
725 2545 850 2622 spectat
864 2538 998 2605 uerbum
1020 2536 1186 2620 sophistae
1207 2539 1434 2623 προσείρηκεν.

287 2637 407 2704 donna
434 2638 641 2722 prouerbium
662 2639 901 2722 Diog.v11‚82
930 2660 950 2704 a
972 2638 1114 2721 Bergkio
1144 2636 1342 2705 uindicatum
1372 2637 1433 2717 πῦρ

286 2735 344 2804 ἐπὶ
368 2734 471 2803 δαλόν
493 2735 611 2803 ἐλθόν·
642 2735 700 2803 ἐπὶ
722 2740 789 2803 τῶν
811 2742 936 2819 ταχέως
960 2742 1158 2824 γινομένων·
1190 2731 1258 2803 άπὸ
1287 2741 1349 2804 τοῦ
1371 2736 1433 2804 Κό-

284 2841 418 2917 κλωπος
439 2834 458 2926 ἡ
482 2837 659 2926 μεταφορά
681 2839 894 2907 Philoxeniae
910 2843 1043 2926 originis
1064 2843 1153 2907 nulla
1174 2861 1209 2906 re
1231 2843 1378 2924 arguitur
1397 2859 1433 2906 nc

284 2946 482 3030 explicatum
511 2943 641 3026 quidem
672 2962 693 3007 a
721 2962 891 3026 quoquam.
936 2945 1007 3012 Hoc
1035 2949 1158 3010 tantum
1187 2942 1281 3008 nobis
1313 2947 1433 3010 constat

284 3067 349 3112 non
377 3044 636 3129 coniungendam
665 3063 736 3111 csse
766 3065 838 3111 cum
865 3046 1036 3130 prouerbio
1065 3043 1209 3110 aSuida
1237 3064 1261 3110 s.
1280 3064 1311 3110 u.
1336 3035 1433 3116 δαλός

284 3147 431 3215 laudato:
462 3144 563 3224 δαλδς
587 3144 634 3223 εἰς
656 3149 741 3228 πῦρ,
774 3147 861 3231 quod
883 3148 969 3213 idem
992 3148 1101 3212 ualere
1130 3151 1227 3229 atque
1255 3143 1367 3222 ἵππος
1390 3141 1432 3218 εἷς

283 3245 402 3313 πεδίον
425 3251 478 3316 uel
502 3241 599 3315 άετόν
621 3247 796 3314 ἵπτασθαι
819 3246 1002 3327 διδάσκεις,
1032 3246 1173 3333 δελφῖνα
1198 3242 1364 3331 νήχεσθαι
1386 3245 1432 3310 δι·

285 3345 418 3426 δάσκεις
434 3350 536 3418 ·docet
557 3352 652 3436 Diog.
668 3354 693 3436 Ι,
710 3355 750 3416 66
773 3357 960 3435 usurpatum
982 3350 1023 3416 de
1046 3369 1102 3434 co,
1134 3350 1189 3432 qui
1211 3349 1357 3416 stimulat
1379 3349 1431 3416 ali·

283 3468 379 3532 quem
393 3470 451 3516 sua
467 3458 580 3534 sponte
604 3460 636 3518 et
656 3453 787 3537 proprio
810 3453 932 3536 impetu
955 3457 1106 3518 acturum.
1141 3450 1261 3516 Contra
1282 3451 1351 3536 πῦρ
1378 3448 1429 3515 ἐπὶ

284 3546 386 3615 δαλόν
409 3548 512 3616 ἐλθόν
540 3553 608 3619 fere
630 3553 717 3619 idem
740 3574 811 3621 esse
839 3554 977 3636 dixeris,
1008 3551 1096 3635 qnod
1125 3552 1326 3618 notissimum
1354 3548 1430 3618 illud

281 3652 352 3737 ’πῦρ
382 3647 440 3716 ἐπὶ
463 3653 530 3735 πῦρ
560 3654 599 3720 cf.
621 3653 766 3738 Apostol.
789 3655 859 3738 XV,
874 3660 929 3739 15,
960 3655 1015 3738 qui
1043 3653 1142 3720 habet
1170 3653 1236 3735 πῦρ
1260 3648 1320 3718 ἐπὶ
1342 3653 1427 3733 πυρλ,

282 3750 382 3820 κακόν
405 3749 464 3819 ἐπὶ
484 3755 574 3838 κακηῖ
584 3770 591 3785 ·
604 3751 737 3846 Ιταύτης
757 3757 941 3841 μέμνηνται
956 3752 1102 3820 Πλάτων
1124 3757 1220 3840 (legg.
1234 3755 1267 3818 II
1288 3775 1319 3838 p.
1333 3752 1428 3826 6662)

281 3859 336 3923 καὶ
349 3853 519 3941 Λιβάνιος
533 3859 624 3933 (orat.
635 3855 690 3938 IV,
704 3858 763 3920 146
775 3857 826 3930 Β.)
844 3849 926 3940 ‘arip
942 3853 999 3920 ἐπὶ
1016 3859 1083 3940 πῦρ
1098 3847 1268 3942 ᾐσθόμην’
1281 3862 1321 3932 (u.
1336 3858 1426 3924 etiam

282 3961 402 4027 Zenob.
415 3961 452 4043 V,
466 3961 533 4045 69),
564 3958 606 4024 δε
627 3958 718 4025 cuins
740 3959 903 4041 prouerbii
925 3961 1098 4044 praecipue
1127 3961 1160 4026 in
1188 3958 1351 4026 amoribus
1373 3973 1425 4023 usn
