2998 4674
456 256 499 312 De
515 256 680 327 Polyphemo
698 261 726 312 et
744 257 866 313 Galatea.
1174 257 1234 316 233

86 431 240 515 imaginis
263 431 423 498 coloribus
446 433 579 499 seclusis
602 451 678 498 suae
701 433 762 498 arti
782 431 923 498 subiecit
943 432 1156 516 paucissimos
1178 434 1235 498 ali-

86 534 173 600 unde
196 533 345 600 flosculos
367 533 547 618 adsumens,
570 534 628 601 sed
643 536 713 618 ipse
727 555 785 602 suo
802 556 844 602 ex
858 536 987 618 ingenio
1002 536 1099 619 plane
1116 554 1235 600 nouum

86 645 119 703 et
142 638 292 704 uiuaoem
315 635 470 720 effingens
493 636 687 704 charactera.
731 638 843 703 Talem
867 657 944 704 uero
966 637 1117 721 proponit
1138 637 1234 720 Poly-

85 725 251 825 phemum,
274 744 309 805 ut
323 759 387 805 non
401 740 539 822 amplius
554 739 808 822 reformidemus,
831 739 889 806 sed
904 739 1100 811 delectemur
1123 745 1154 804 et
1177 740 1234 805 ali·

85 842 276 926 quantulum
300 842 465 908 faueamus
487 841 613 925 perdite
639 848 735 926 atque
765 842 935 909 infeliciter
963 843 1084 908 amanti
1110 843 1234 908 miseri-

86 944 232 1012 cordiam
255 945 413 1012 ferocitati
435 945 569 1010 Veneris
597 945 630 1009 ui
657 944 799 1011 domitae
827 964 891 1011 non
922 944 1117 1028 denegantes
1131 946 1171 1028 ¹),
1200 944 1235 1010 id

85 1047 176 1131 quod
198 1053 294 1132 poeta
315 1046 440 1114 duobus
462 1047 603 1114 maxime
625 1045 768 1112 artificiis
797 1054 961 1115 assecutus
990 1053 1047 1113 est.
1092 1048 1234 1114 Primum

87 1151 176 1216 enim
199 1149 438 1216 adulescentem
461 1149 588 1215 induxit
610 1149 786 1234 Cyclopem
809 1150 848 1217 ef.
864 1149 913 1214 XI
934 1169 986 1216 uu.
1003 1151 1099 1232 8sq.:

565 1242 616 1315 ἕλκ’
637 1244 741 1338 ἤρατο
764 1253 824 1328 τᾶς
847 1251 1033 1327 Γαλατείας

87 1349 185 1438 ἄρτι
205 1345 457 1437 γενειάσδων
479 1353 576 1440 πἐρλ
596 1348 639 1418 τὸ
665 1351 796 1437 στόμα
825 1349 906 1428 τώς
933 1353 1154 1441 κροτάφοις
1182 1379 1234 1419 τε.

86 1457 162 1536 Quo
177 1456 309 1524 artificio
324 1457 480 1524 saeuuitiae
494 1456 664 1523 leniendae
682 1457 832 1523 idoneam
853 1477 965 1523 ansam
986 1465 1098 1525 nactus
1120 1459 1236 1526 recidit

86 1559 290 1627 occasionem
311 1560 486 1626 ferocitatis
509 1558 735 1626 exercitandas
758 1579 807 1642 eo,
831 1559 917 1641 quod
939 1561 1122 1644 segregauit
1139 1561 1235 1645 Poly-

85 1662 239 1748 phemum
258 1661 365 1729 Ulixis
386 1662 587 1745 commercio,
611 1682 746 1745 quocum
769 1663 943 1745 antiquitus
966 1663 1151 1729 coniunctus
1173 1663 1253 1730 nisi.

87 1764 233 1830 barbaris
254 1764 395 1830 moribus
417 1764 582 1848 praeditus
609 1765 743 1848 cogitari
772 1785 835 1830 non
864 1771 998 1850 poterat.
1043 1762 1139 1841 Quod
1161 1786 1235 1831 oon-

87 1867 174 1933 sulto
196 1866 400 1934 Theocritum
421 1867 536 1932 iecisse
558 1867 611 1932 uel
632 1866 709 1933 inde
730 1874 874 1951 apparet,
898 1866 984 1950 quod
1008 1868 1122 1934 ceteris
1143 1868 1235 1952 locis,

87 1970 146 2034 uhi
162 1968 333 2053 Cyclopem
348 1977 576 2036 commemorat
590 1971 731 2054 exempli
746 1990 843 2036 causa
857 1977 991 2054 tangens
1013 1971 1117 2054 magis
1140 1991 1235 2053 quam

88 2073 192 2138 fusius
212 2071 253 2137 de
274 2092 313 2139 eo
335 2093 476 2156 namans,
498 2092 562 2139 non
583 2073 624 2138 ab
639 2074 738 2141 Ulixe
760 2075 937 2142 seiunctum
960 2073 1082 2138 inducit
1104 2075 1149 2138 ita
1166 2073 1235 2155 qui-

88 2176 231 2256 dem,t
196 2181 231 2240 ut
245 2193 318 2240 eum
340 2173 490 2241 traditam
512 2182 580 2259 myt
567 2173 614 2241 thi
636 2176 771 2243 formam
793 2183 825 2242 et
847 2196 1005 2243 conexum
1026 2175 1118 2257 sequi
1139 2175 1236 2240 facile

89 2277 224 2394 colligas
247 2277 286 2342 cf
302 2276 524 2359 XVI,5151.sqq
548 2284 580 2344 et
601 2278 671 2361 VH,
687 2281 743 2341 151
730 2282 823 2395 s1qq.
847 2298 910 2344 sec
933 2277 1106 2343 Hillerum:

195 2351 259 2498 αρά
280 2381 316 2463 γέ
338 2403 389 2464 πα
410 2379 508 2462 τῆνον
531 2374 589 2443 τὸν
611 2381 756 2460 ποιμένα
777 2375 836 2443 τὸν
858 2402 925 2442 ποτ
929 2367 1118 2463 Άνάπῳ,

194 2476 252 2545 τὸν
274 2477 431 2566 κρατερὸν
452 2477 718 2566 Πιιλλύφαμον,(1
699 2505 738 2556 ας
760 2474 861 2566 ὥρασι
884 2481 966 2554 νᾶας
988 2476 1121 2563 ἔβαλλε,

193 2594 285 2647 τοῖον
308 2579 464 2668 νέκταρ”
447 2604 562 2647 erretur
582 2607 644 2648 κατ
685 2575 784 2648 αυλία
806 2584 911 2648 ποσσὶ
931 2584 1139 2665 χορεῦσαι;ἳ)

88 2690 201 2770 Neque
223 2697 329 2752 tamen
351 2687 511 2752 abstinere
533 2688 636 2771 potuit
657 2686 868 2753 Alexandrini
889 2692 1006 2772 poetae
1036 2687 1131 2754 docta
1160 2688 1232 2754 sub-

89 2791 200 2873 tilitas,
212 2791 288 2873 quin
301 2789 446 2871 quamuis
461 2790 574 2855 leniter
589 2789 759 2873 attingeret
774 2791 986 2874 importunam
1000 2789 1125 2856 cladem
1137 2789 1232 2872 Poly-

89 2893 204 2978 phemo
228 2891 442 2975 inferendam,
466 2892 624 2958 cuiusrei
648 2894 785 2976 uestigia
807 2893 964 2958 cernimus
985 2892 1034 2956 XI
1055 2911 1107 2956 uu.
1125 2893 1231 2973 52sq,

90 2993 143 3060 uhi
157 3000 278 3060 amator
291 2995 387 3059 etiam
403 3013 500 3059 unum
510 2994 636 3060 oculum
647 2996 738 3060 exuri
753 2994 794 3060 ab
810 3000 918 3060 amata
932 3015 966 3060 se
981 3013 1148 3078 passurum
1161 3012 1232 3058 esse

91 3103 205 3180 canat,
228 3102 260 3162 et
275 3116 326 3161 uu.
339 3098 379 3159 60
388 3115 469 3179 sqq,
491 3096 546 3161 uhi
561 3095 659 3162 nandi
674 3102 743 3162 arte
758 3116 793 3162 se
808 3097 986 3162 institutum
1004 3096 1043 3159 iri
1065 3094 1231 3177 promittit,

1 3273 2 3276 Ἴ
90 3200 193 3282 siqui
215 3205 313 3264 nauta
334 3199 521 3282 peregrinus
543 3199 680 3265 insulam
703 3198 856 3281 appellat.
893 3196 1044 3279 Apertius
1060 3197 1115 3280 Vl,
1130 3198 1170 3260 23
1183 3215 1230 3279 sq.

1 3357 2 3388 ,
91 3301 282 3370 caecationis
296 3299 332 3366 fit
346 3302 464 3367 mentio
486 3301 632 3383 quamuis
655 3306 687 3365 et
708 3301 780 3382 ipsa
802 3300 915 3366 tectior
937 3317 1033 3380 quam
1054 3299 1141 3383 apud
1162 3300 1231 3364 imi-

176 3526 199 3587 1)
217 3518 378 3574 Rectissime
395 3517 428 3572 de
445 3517 584 3573 Theocriti
605 3523 663 3572 arte
685 3518 737 3573 hoc
759 3517 788 3570 in
809 3520 967 3585 argumento
991 3517 1140 3586 conspicua
1161 3519 1231 3574 iudi-

1 3663 2 3680 ,
91 3609 162 3662 cauit
178 3605 232 3660 iam
251 3604 385 3659 Foderus:
408 3618 484 3659 amor
500 3602 657 3674 Polyphemi
673 3618 707 3657 ex
725 3602 885 3669 Theocrito,
904 3602 1000 3658 Ouidio
1019 3607 1046 3658 et
1062 3603 1231 3668 Metastasio,

1 3705 2 3714 ¹
86 3693 225 3758 Erlangae
236 3694 299 3744 1165
317 3706 344 3757 p.
355 3688 408 3740 XII
417 3704 457 3757 sq.

173 3781 199 3842 λ)
217 3773 398 3844 Copulauitne
409 3773 569 3828 Theocritus
588 3773 645 3828 uini
662 3773 837 3841 praedicandi
853 3773 943 3842 gratia
958 3774 1066 3829 fabulas
1083 3773 1151 3826 duas
1163 3770 1230 3839 Epi-

1 3885 2 3932 ι
82 3862 200 3928 charmi,
218 3876 297 3929 quem
315 3866 343 3914 et
361 3856 499 3912 Κύκλωπα
517 3867 545 3912 et
561 3854 691 3928 Ἡρακλέα
709 3859 784 3927 παρὰ
802 3857 883 3925 Φόλῳ
901 3858 1042 3927 scripsisse
1061 3859 1174 3920 constat,
1192 3856 1231 3909 ita

1 3949 2 3980 r
82 3955 116 4004 ut
128 3951 162 4002 dc
175 3947 272 4000 harum
285 3944 483 4000 comoediarum
497 3943 590 3999 'indole
607 3943 708 4013 aliquid
726 3944 922 4013 redipiscamur
939 3945 991 3999 hoc
1008 3959 1042 3998 ex
1058 3941 1127 4007 loco,
1145 3941 1230 3996 ueluti

80 4039 139 4090 iam
156 4031 351 4101 Epicharmum
369 4029 559 4084 saltantem
576 4029 749 4099 proposuisse
767 4028 979 4097 Polyphemum?
