3028 4672
597 1120 779 1198 VITA.

193 1408 300 1474 Natus
332 1428 403 1474 sum
436 1407 594 1490 Georgius
624 1409 781 1476 Ricardus
809 1410 952 1476 Hollaud
986 1413 1040 1478 die
1068 1413 1122 1478 IV.
1145 1415 1265 1482 mensis

109 1526 217 1592 Martii
246 1545 275 1591 a.
298 1524 329 1589 h.
353 1545 378 1592 s.
401 1513 470 1590 LX.
493 1524 683 1608 Seidauiae,
711 1528 785 1593 uioo
808 1526 931 1594 Sorabo
953 1529 1112 1597 Budissae
1142 1533 1264 1614 oppido

109 1645 242 1726 acelini,
272 1649 365 1727 patre
393 1643 545 1709 Ioanne
574 1643 789 1711 Pistotheo
817 1651 919 1710 matre
948 1646 1060 1711 Anna
1081 1647 1266 1730 Augusta

109 1768 247 1846 egente
270 1760 462 1843 Sohulze,
491 1781 572 1843 quos
599 1762 711 1829 ambos
740 1765 830 1829 utin
852 1784 1009 1829 summum
1038 1784 1154 1829 aeuum
1184 1764 1265 1831 mihi

107 1886 216 1946 seruet
236 1881 383 1962 uigentes
405 1878 501 1943 deum
523 1880 651 1962 penitus
674 1900 797 1964 precor.
841 1882 956 1948 Fidem
984 1880 1137 1950 eonfiteor
1166 1902 1263 1949 euan-

106 2000 255 2082 gelicam.
300 1996 501 2062 Rudimentis
524 2016 576 2062 me
598 1998 712 2063 imbuit
733 1999 828 2066 ludus
856 2000 1039 2084 oppidanus
1061 2001 1263 2086 Budissinus,

107 2116 320 2182 humanarum
335 2116 513 2180 litterarum
528 2116 695 2183 elementis
711 2120 916 2200 gymnasium
929 2119 1137 2184 Budissinum
1158 2120 1264 2202 primo

1 2325 4 2330 Ι
106 2234 322 2301 Friderioo
344 2233 468 2315 Palm,
491 2253 567 2298 mox
591 2232 969 2302 OttoneKreussler
990 2241 1115 2301 reotore
1135 2234 1264 2320 floreus,

107 2354 197 2418 ouius
217 2352 279 2416 uiri
303 2358 334 2417 et
355 2351 473 2416 amoris
496 2356 528 2415 et
550 2351 742 2435 discipliuae
764 2358 891 2434 gratum
913 2370 965 2417 me
987 2353 1150 2419 alumnum
1170 2373 1263 2437 prae·

106 2473 209 2538 stabo.
254 2470 333 2535 Post
359 2488 476 2534 nouem
501 2487 602 2534 annos
630 2487 659 2533 a.
680 2468 712 2534 h.
733 2489 758 2535 s.
779 2468 929 2536 LXXIX.
952 2472 1145 2538 maturitatis
1174 2473 1263 2539 testi·

104 2590 214 2655 monio
242 2589 413 2654 instructus
437 2605 494 2671 per
516 2605 613 2651 unum
635 2606 752 2652 annum
783 2588 816 2653 in
844 2589 983 2673 legionis
1003 2590 1058 2656 IV.
1081 2590 1263 2658 Saxonioae

105 2707 238 2774 cohorte
253 2706 291 2772 V.
314 2705 477 2790 stipendia
492 2705 616 2771 eonfeoi
638 2711 735 2790 atque
758 2707 834 2773 anni
856 2707 1007 2774 LXXXI.
1031 2709 1112 2775 duos
1135 2729 1262 2776 menses

103 2826 243 2892 militiae
272 2823 426 2908 impendi.
471 2822 674 2902 Philologiae
702 2844 755 2890 me
784 2825 862 2892 dedi
891 2827 924 2890 in
953 2827 1162 2894 uniuersitate
1187 2827 1262 2912 Lip-

104 2945 204 3011 sieusi
226 2942 303 3007 inde
324 2942 366 3007 ab
388 2962 418 3006 a.
436 2938 467 3005 h.
483 2961 507 3007 s.
524 2940 658 3007 LXXX.
682 2950 778 3026 atque
801 2943 921 3010 scholis
944 2944 1074 3010 interfui
1100 2943 1261 3026 professo·

102 3083 189 3127 rum:
223 3060 462 3142 Biedermauni,
485 3060 692 3144 Brugmarmi,
716 3060 828 3144 Curtii,
851 3060 1047 3142 Drobisohii,
1071 3052 1268 3148 Eoksteinii‘

100 3179 245 3262 micuit,
268 3177 412 3260 Heinzii,
439 3178 572 3262 Langii,
602 3179 723 3263 Lipsii‚
751 3179 863 3260 Masii,
893 3177 935 3243 de
956 3176 1137 3261 Noordeni‚
1161 3176 1260 3245 Ouer-

102 3299 232 3381 beekii,
261 3295 452 3380 Pueokerti,
483 3295 674 3378 Ribbeokii,
704 3295 905 3376 Sehreiberi,
933 3294 1072 3378 Voigtii,
1100 3295 1260 3382 Wenokii,

102 3415 266 3483 Zarnokii.
294 3413 358 3480 Per
374 3414 438 3481 duo
454 3414 560 3498 spatia
574 3413 742 3478 semestris
756 3413 978 3496 proseminarii
993 3411 1153 3498 philologi
1165 3417 1261 3500 Regii

101 3534 319 3617 institutione,
349 3553 445 3615 quam
467 3530 694 3596 moderabatur
715 3530 898 3614 Lipsius,
921 3539 1113 3615 praeparato
1136 3540 1260 3600 aestate

102 3673 132 3719 a.
149 3651 302 3718 LXXXI.
324 3651 404 3716 mihi
426 3650 574 3733 ooutigit,
598 3655 633 3714 ut
655 3648 688 3713 in
710 3667 878 3715 numerum
900 3649 1060 3716 sodalium
1083 3649 1259 3718 ordinario·

102 3791 175 3836 rum
201 3769 367 3836 seminarii
395 3767 554 3852 philologi
576 3767 671 3850 Regii
702 3767 912 3834 direotoribus
935 3767 1075 3835 Curtio
1097 3768 1258 3851 Langio

103 3887 332 3955 Ribbeohio
353 3886 495 3952 florentie
517 3887 695 3970 reciperer,
718 3886 773 3951 ubi
796 3904 854 3969 per
877 3885 957 3952 duos
979 3905 1096 3970 annos,
1123 3905 1259 3969 quorum

102 4024 163 4090 per
177 4007 388 4092 posteriorem
403 4005 537 4072 senioris
553 4003 667 4071 offioiis
682 4004 809 4071 innotus
824 4023 904 4086 sum,
928 4003 1116 4069 eruditionis
1135 4005 1260 4070 semina
