<?xml version="1.0" encoding="UTF-8"?>
<!DOCTYPE html PUBLIC "-//W3C//DTD XHTML 1.0 Transitional//EN"
    "http://www.w3.org/TR/xhtml1/DTD/xhtml1-transitional.dtd">
<html xmlns="http://www.w3.org/1999/xhtml" xml:lang="en" lang="en">
 <head>
  <title>
</title>
<meta http-equiv="Content-Type" content="text/html;charset=utf-8" />
  <meta name='ocr-system' content='tesseract 3.04.00' />
  <meta name='ocr-capabilities' content='ocr_page ocr_carea ocr_par ocr_line ocrx_word'/>
</head>
<body>
  <div class='ocr_page' id='page_1' title='image "./depolyphemoetga00hollgoog_0037.png"; bbox 0 0 3028 4672; ppageno 0'>
   <div class='ocr_carea' id='block_1_1' title="bbox 275 217 1057 292">
    <p class='ocr_par' dir='ltr' id='par_1_1' title="bbox 275 217 1057 292">
     <span class='ocr_line' id='line_1_1' title="bbox 275 217 1057 292; baseline -0.029 1"><span class='ocrx_word' id='word_1_1' title='bbox 275 234 338 292; x_wconf 79' lang='lat'>164</span> <span class='ocrx_word' id='word_1_2' title='bbox 568 245 571 260; x_wconf 89' lang='lat'>·</span> <span class='ocrx_word' id='word_1_3' title='bbox 636 221 768 290; x_wconf 74' lang='lat' dir='ltr'>Georgius</span> <span class='ocrx_word' id='word_1_4' title='bbox 786 219 920 274; x_wconf 87' lang='lat' dir='ltr'>Ricardus</span> <span class='ocrx_word' id='word_1_5' title='bbox 938 217 1057 273; x_wconf 87' lang='lat' dir='ltr'>Holland</span> 
     </span>
    </p>
   </div>
   <div class='ocr_carea' id='block_1_2' title="bbox 272 382 1434 1386">
    <p class='ocr_par' dir='ltr' id='par_1_2' title="bbox 272 382 1434 790">
     <span class='ocr_line' id='line_1_2' title="bbox 272 382 1434 488; baseline -0.016 -21"><span class='ocrx_word' id='word_1_6' title='bbox 272 400 336 488; x_wconf 83' lang='grc' dir='ltr'><strong><em>γὰρ</em></strong></span> <span class='ocrx_word' id='word_1_7' title='bbox 367 397 486 483; x_wconf 78' lang='grc' dir='ltr'><strong><em>ἐγκατα</em></strong></span> <span class='ocrx_word' id='word_1_8' title='bbox 514 393 703 481; x_wconf 78' lang='grc' dir='ltr'><strong><em>πλήσαντες</em></strong></span> <span class='ocrx_word' id='word_1_9' title='bbox 730 398 784 469; x_wconf 82' lang='lat' dir='ltr'>(ex</span> <span class='ocrx_word' id='word_1_10' title='bbox 806 391 933 458; x_wconf 81' lang='lat' dir='ltr'>Reiskii</span> <span class='ocrx_word' id='word_1_11' title='bbox 955 390 1101 464; x_wconf 86' lang='lat' dir='ltr'>conicet.)</span> <span class='ocrx_word' id='word_1_12' title='bbox 1131 386 1188 451; x_wconf 84' lang='grc' dir='ltr'>καὶ</span> <span class='ocrx_word' id='word_1_13' title='bbox 1218 382 1434 470; x_wconf 81' lang='grc' dir='ltr'><strong><em>ξηραίνοντες</em></strong></span> 
     </span>
     <span class='ocr_line' id='line_1_3' title="bbox 273 483 1433 581; baseline -0.015 -13"><span class='ocrx_word' id='word_1_14' title='bbox 273 496 400 581; x_wconf 80' lang='grc' dir='ltr'><strong><em>ὀπτᾶν,</em></strong></span> <span class='ocrx_word' id='word_1_15' title='bbox 429 493 501 564; x_wconf 79' lang='grc' dir='ltr'><strong><em>εἶτα</em></strong></span> <span class='ocrx_word' id='word_1_16' title='bbox 524 495 681 562; x_wconf 76' lang='grc' dir='ltr'><strong><em>ἐσθίουσι</em></strong></span> <span class='ocrx_word' id='word_1_17' title='bbox 701 495 822 573; x_wconf 81' lang='grc' dir='ltr'><strong><em>ταῦτα,</em></strong></span> <span class='ocrx_word' id='word_1_18' title='bbox 852 489 873 555; x_wconf 79' lang='grc' dir='ltr'><strong><em>ό</em></strong></span> <span class='ocrx_word' id='word_1_19' title='bbox 899 492 955 555; x_wconf 85' lang='grc' dir='ltr'>καὶ</span> <span class='ocrx_word' id='word_1_20' title='bbox 981 488 1080 575; x_wconf 84' lang='grc' dir='ltr'><strong><em>χόρια</em></strong></span> <span class='ocrx_word' id='word_1_21' title='bbox 1109 483 1433 573; x_wconf 82' lang='grc' dir='ltr'><strong><em>προσαγορεύουσιν.</em></strong></span> 
     </span>
     <span class='ocr_line' id='line_1_4' title="bbox 275 585 1431 689; baseline -0.012 -21"><span class='ocrx_word' id='word_1_22' title='bbox 275 603 384 689; x_wconf 86' lang='grc' dir='ltr'><strong><em>Κρατὶ</em></strong></span> <span class='ocrx_word' id='word_1_23' title='bbox 399 597 596 686; x_wconf 83' lang='grc' dir='ltr'><strong><em>νεοτρόφοιο</em></strong></span> <span class='ocrx_word' id='word_1_24' title='bbox 618 599 733 681; x_wconf 83' lang='grc' dir='ltr'><strong><em>γέννας</em></strong></span> <span class='ocrx_word' id='word_1_25' title='bbox 754 590 851 681; x_wconf 87' lang='grc' dir='ltr'><strong><em>χόριό</em></strong></span> <span class='ocrx_word' id='word_1_26' title='bbox 866 585 899 655; x_wconf 75' lang='grc' dir='ltr'>τ’</span> <span class='ocrx_word' id='word_1_27' title='bbox 919 589 1068 678; x_wconf 78' lang='grc' dir='ltr'><strong><em>ἐμβρύων</em></strong></span> <span class='ocrx_word' id='word_1_28' title='bbox 1083 613 1119 654; x_wconf 86' lang='grc' dir='ltr'>τε</span> <span class='ocrx_word' id='word_1_29' title='bbox 1134 587 1261 675; x_wconf 88' lang='grc' dir='ltr'><strong><em>πλήθη,</em></strong></span> <span class='ocrx_word' id='word_1_30' title='bbox 1284 590 1343 656; x_wconf 92' lang='lat' dir='ltr'>ubi</span> <span class='ocrx_word' id='word_1_31' title='bbox 1364 590 1431 655; x_wconf 88' lang='lat' dir='ltr'>iam</span> 
     </span>
     <span class='ocr_line' id='line_1_5' title="bbox 275 690 1320 790; baseline -0.012 -20"><span class='ocrx_word' id='word_1_32' title='bbox 275 705 420 790; x_wconf 83' lang='lat' dir='ltr'>Toupius</span> <span class='ocrx_word' id='word_1_33' title='bbox 443 707 531 768; x_wconf 88' lang='lat' dir='ltr'>recte</span> <span class='ocrx_word' id='word_1_34' title='bbox 552 699 691 766; x_wconf 83' lang='lat' dir='ltr'>restituit</span> <span class='ocrx_word' id='word_1_35' title='bbox 713 697 835 763; x_wconf 76' lang='lat' dir='ltr'>Cratini</span> <span class='ocrx_word' id='word_1_36' title='bbox 857 714 974 761; x_wconf 87' lang='lat' dir='ltr'>nomen</span> <span class='ocrx_word' id='word_1_37' title='bbox 997 698 1104 760; x_wconf 88' lang='lat' dir='ltr'>cetera</span> <span class='ocrx_word' id='word_1_38' title='bbox 1126 693 1173 758; x_wconf 90' lang='lat' dir='ltr'>sio</span> <span class='ocrx_word' id='word_1_39' title='bbox 1195 690 1320 774; x_wconf 85' lang='lat' dir='ltr'>fingens</span> 
     </span>
    </p>

    <p class='ocr_par' dir='ltr' id='par_1_3' title="bbox 478 792 901 885">
     <span class='ocr_line' id='line_1_6' title="bbox 478 792 901 885; baseline -0.014 -20"><span class='ocrx_word' id='word_1_40' title='bbox 478 792 594 885; x_wconf 82' lang='grc' dir='ltr'><strong><em>Ἅρνύς</em></strong></span> <span class='ocrx_word' id='word_1_41' title='bbox 617 792 782 885; x_wconf 84' lang='grc' dir='ltr'><strong><em>εύτρόφου</em></strong></span> <span class='ocrx_word' id='word_1_42' title='bbox 803 798 901 882; x_wconf 82' lang='grc' dir='ltr'><strong><em>κρέας</em></strong></span> 
     </span>
    </p>

    <p class='ocr_par' dir='ltr' id='par_1_4' title="bbox 275 893 1432 1072">
     <span class='ocr_line' id='line_1_7' title="bbox 480 893 1432 985; baseline -0.008 -19"><span class='ocrx_word' id='word_1_43' title='bbox 480 898 592 985; x_wconf 89' lang='grc' dir='ltr'><strong><em>Χόριό</em></strong></span> <span class='ocrx_word' id='word_1_44' title='bbox 614 893 646 964; x_wconf 77' lang='grc' dir='ltr'>τ’</span> <span class='ocrx_word' id='word_1_45' title='bbox 671 896 821 982; x_wconf 77' lang='grc' dir='ltr'><strong><em>ἐμβρύων</em></strong></span> <span class='ocrx_word' id='word_1_46' title='bbox 842 919 879 961; x_wconf 86' lang='grc' dir='ltr'>τε</span> <span class='ocrx_word' id='word_1_47' title='bbox 901 893 1034 982; x_wconf 89' lang='grc' dir='ltr'><strong><em>πλήθη,</em></strong></span> <span class='ocrx_word' id='word_1_48' title='bbox 1061 895 1118 960; x_wconf 88' lang='lat' dir='ltr'>alii</span> <span class='ocrx_word' id='word_1_49' title='bbox 1140 895 1242 959; x_wconf 87' lang='lat' dir='ltr'>aliter.</span> <span class='ocrx_word' id='word_1_50' title='bbox 1281 893 1432 960; x_wconf 79' lang='lat' dir='ltr'>Nouissi-</span> 
     </span>
     <span class='ocr_line' id='line_1_8' title="bbox 275 1001 740 1072; baseline -0.015 0"><span class='ocrx_word' id='word_1_51' title='bbox 275 1025 345 1072; x_wconf 85' lang='lat' dir='ltr'>mus</span> <span class='ocrx_word' id='word_1_52' title='bbox 368 1002 473 1070; x_wconf 89' lang='lat' dir='ltr'>editor</span> <span class='ocrx_word' id='word_1_53' title='bbox 494 1001 576 1068; x_wconf 87' lang='lat' dir='ltr'>haec</span> <span class='ocrx_word' id='word_1_54' title='bbox 596 1001 740 1068; x_wconf 85' lang='lat' dir='ltr'>edolauit</span> 
     </span>
    </p>

    <p class='ocr_par' dir='ltr' id='par_1_5' title="bbox 481 1093 793 1188">
     <span class='ocr_line' id='line_1_9' title="bbox 481 1093 793 1188; baseline -0.006 -22"><span class='ocrx_word' id='word_1_55' title='bbox 481 1093 651 1188; x_wconf 72' lang='grc' dir='ltr'><strong><em>εὐτρεφεῖς</em></strong></span> <span class='ocrx_word' id='word_1_56' title='bbox 673 1095 793 1185; x_wconf 78' lang='grc' dir='ltr'><strong><em>ἀγέλας</em></strong></span> 
     </span>
    </p>

    <p class='ocr_par' dir='ltr' id='par_1_6' title="bbox 276 1194 1433 1386">
     <span class='ocr_line' id='line_1_10' title="bbox 477 1194 1005 1288; baseline -0.013 -20"><span class='ocrx_word' id='word_1_57' title='bbox 477 1199 576 1288; x_wconf 86' lang='grc' dir='ltr'><strong><em>χόριό</em></strong></span> <span class='ocrx_word' id='word_1_58' title='bbox 597 1194 630 1266; x_wconf 76' lang='grc' dir='ltr'>τ’</span> <span class='ocrx_word' id='word_1_59' title='bbox 657 1199 807 1284; x_wconf 77' lang='grc' dir='ltr'><strong><em>ἐμβρύων</em></strong></span> <span class='ocrx_word' id='word_1_60' title='bbox 829 1221 865 1264; x_wconf 86' lang='grc' dir='ltr'>τε</span> <span class='ocrx_word' id='word_1_61' title='bbox 888 1197 1005 1285; x_wconf 85' lang='grc' dir='ltr'><strong><em>πλήθη</em></strong></span> 
     </span>
     <span class='ocr_line' id='line_1_11' title="bbox 276 1299 1433 1386; baseline -0.012 -13"><span class='ocrx_word' id='word_1_62' title='bbox 276 1309 365 1373; x_wconf 91' lang='lat' dir='ltr'>nisus</span> <span class='ocrx_word' id='word_1_63' title='bbox 400 1304 487 1370; x_wconf 90' lang='lat' dir='ltr'>haud</span> <span class='ocrx_word' id='word_1_64' title='bbox 520 1304 617 1370; x_wconf 89' lang='lat' dir='ltr'>dubie</span> <span class='ocrx_word' id='word_1_65' title='bbox 650 1304 761 1386; x_wconf 89' lang='lat' dir='ltr'>aliqua</span> <span class='ocrx_word' id='word_1_66' title='bbox 793 1301 1010 1384; x_wconf 73' lang='lat' dir='ltr'>discrepantia</span> <span class='ocrx_word' id='word_1_67' title='bbox 1043 1299 1219 1383; x_wconf 76' lang='lat' dir='ltr'>scripturae</span> <span class='ocrx_word' id='word_1_68' title='bbox 1253 1299 1433 1382; x_wconf 84' lang='grc' dir='ltr'><strong><em>νεοστέφει</em></strong></span> 
     </span>
    </p>
   </div>
   <div class='ocr_carea' id='block_1_3' title="bbox 180 1401 1432 1490">
    <p class='ocr_par' dir='ltr' id='par_1_7' title="bbox 180 1401 1432 1490">
     <span class='ocr_line' id='line_1_12' title="bbox 180 1401 1432 1490; baseline -0.01 -15"><span class='ocrx_word' id='word_1_69' title='bbox 180 1421 183 1424; x_wconf 81' lang='grc'>’</span> <span class='ocrx_word' id='word_1_70' title='bbox 276 1409 379 1474; x_wconf 87' lang='lat' dir='ltr'>Vatio.</span> <span class='ocrx_word' id='word_1_71' title='bbox 392 1409 421 1490; x_wconf 85' lang='lat'>3,</span> <span class='ocrx_word' id='word_1_72' title='bbox 443 1408 540 1489; x_wconf 87' lang='grc' dir='ltr'><strong><em>γένος</em></strong></span> <span class='ocrx_word' id='word_1_73' title='bbox 555 1406 605 1472; x_wconf 88' lang='lat' dir='ltr'>ed.</span> <span class='ocrx_word' id='word_1_74' title='bbox 617 1405 690 1471; x_wconf 91' lang='lat' dir='ltr'>Bas.</span> <span class='ocrx_word' id='word_1_75' title='bbox 700 1405 734 1468; x_wconf 95' lang='lat' dir='ltr'>II</span> <span class='ocrx_word' id='word_1_76' title='bbox 747 1407 833 1481; x_wconf 79' lang='lat' dir='ltr'>(oum</span> <span class='ocrx_word' id='word_1_77' title='bbox 848 1401 979 1469; x_wconf 88' lang='lat' dir='ltr'>scholiis</span> <span class='ocrx_word' id='word_1_78' title='bbox 995 1401 1176 1482; x_wconf 81' lang='lat' dir='ltr'>Galliergi);</span> <span class='ocrx_word' id='word_1_79' title='bbox 1200 1418 1306 1481; x_wconf 88' lang='lat' dir='ltr'>neque</span> <span class='ocrx_word' id='word_1_80' title='bbox 1321 1404 1432 1464; x_wconf 79' lang='lat' dir='ltr'>tammr</span> 
     </span>
    </p>
   </div>
   <div class='ocr_carea' id='block_1_4' title="bbox 276 1499 1434 2092">
    <p class='ocr_par' dir='ltr' id='par_1_8' title="bbox 276 1499 1434 2092">
     <span class='ocr_line' id='line_1_13' title="bbox 277 1499 1434 1591; baseline -0.009 -17"><span class='ocrx_word' id='word_1_81' title='bbox 277 1509 372 1575; x_wconf 90' lang='lat' dir='ltr'>nobis</span> <span class='ocrx_word' id='word_1_82' title='bbox 393 1508 564 1591; x_wconf 88' lang='lat' dir='ltr'>persuasit.</span> <span class='ocrx_word' id='word_1_83' title='bbox 597 1505 755 1571; x_wconf 86' lang='lat' dir='ltr'>Videntur</span> <span class='ocrx_word' id='word_1_84' title='bbox 769 1506 855 1571; x_wconf 88' lang='lat' dir='ltr'>enim</span> <span class='ocrx_word' id='word_1_85' title='bbox 869 1505 1048 1569; x_wconf 80' lang='lat' dir='ltr'>accuratius</span> <span class='ocrx_word' id='word_1_86' title='bbox 1064 1499 1240 1584; x_wconf 87' lang='lat' dir='ltr'>spectanda</span> <span class='ocrx_word' id='word_1_87' title='bbox 1263 1517 1335 1565; x_wconf 86' lang='lat' dir='ltr'>esse</span> <span class='ocrx_word' id='word_1_88' title='bbox 1359 1501 1434 1582; x_wconf 88' lang='lat' dir='ltr'>ipsa</span> 
     </span>
     <span class='ocr_line' id='line_1_14' title="bbox 279 1600 1433 1690; baseline -0.01 -13"><span class='ocrx_word' id='word_1_89' title='bbox 279 1609 475 1677; x_wconf 83' lang='lat' dir='ltr'>scholiastae</span> <span class='ocrx_word' id='word_1_90' title='bbox 490 1609 598 1690; x_wconf 90' lang='lat' dir='ltr'>uerba,</span> <span class='ocrx_word' id='word_1_91' title='bbox 623 1609 678 1690; x_wconf 88' lang='lat' dir='ltr'>qui</span> <span class='ocrx_word' id='word_1_92' title='bbox 693 1606 773 1672; x_wconf 90' lang='lat' dir='ltr'>dicit</span> <span class='ocrx_word' id='word_1_93' title='bbox 788 1606 960 1687; x_wconf 90' lang='lat' dir='ltr'>uelamina,</span> <span class='ocrx_word' id='word_1_94' title='bbox 983 1604 1098 1687; x_wconf 86' lang='lat' dir='ltr'>quibus</span> <span class='ocrx_word' id='word_1_95' title='bbox 1120 1600 1324 1667; x_wconf 88' lang='lat' dir='ltr'>includantur</span> <span class='ocrx_word' id='word_1_96' title='bbox 1346 1601 1433 1666; x_wconf 82' lang='lat' dir='ltr'>fetus</span> 
     </span>
     <span class='ocr_line' id='line_1_15' title="bbox 277 1702 1433 1792; baseline -0.006 -18"><span class='ocrx_word' id='word_1_97' title='bbox 277 1712 311 1775; x_wconf 90' lang='lat' dir='ltr'>in</span> <span class='ocrx_word' id='word_1_98' title='bbox 333 1710 418 1792; x_wconf 86' lang='lat' dir='ltr'>aluo,</span> <span class='ocrx_word' id='word_1_99' title='bbox 442 1711 545 1775; x_wconf 88' lang='lat' dir='ltr'>solere</span> <span class='ocrx_word' id='word_1_100' title='bbox 567 1728 588 1774; x_wconf 89' lang='lat' dir='ltr'>a</span> <span class='ocrx_word' id='word_1_101' title='bbox 609 1707 791 1791; x_wconf 81' lang='lat' dir='ltr'>pastoribus</span> <span class='ocrx_word' id='word_1_102' title='bbox 813 1705 856 1771; x_wconf 92' lang='lat' dir='ltr'>ad</span> <span class='ocrx_word' id='word_1_103' title='bbox 879 1705 1039 1771; x_wconf 87' lang='lat' dir='ltr'>edendum</span> <span class='ocrx_word' id='word_1_104' title='bbox 1061 1704 1227 1786; x_wconf 86' lang='lat' dir='ltr'>apparari,</span> <span class='ocrx_word' id='word_1_105' title='bbox 1253 1721 1318 1767; x_wconf 91' lang='lat' dir='ltr'>non</span> <span class='ocrx_word' id='word_1_106' title='bbox 1340 1702 1433 1785; x_wconf 88' lang='lat' dir='ltr'>ipsos</span> 
     </span>
     <span class='ocr_line' id='line_1_16' title="bbox 276 1803 1432 1893; baseline -0.005 -19"><span class='ocrx_word' id='word_1_107' title='bbox 276 1810 371 1892; x_wconf 86' lang='lat' dir='ltr'>fetus,</span> <span class='ocrx_word' id='word_1_108' title='bbox 394 1827 459 1873; x_wconf 95' lang='lat' dir='ltr'>non</span> <span class='ocrx_word' id='word_1_109' title='bbox 482 1805 632 1891; x_wconf 88' lang='grc' dir='ltr'><strong><em>ἐμβρύων</em></strong></span> <span class='ocrx_word' id='word_1_110' title='bbox 648 1805 783 1893; x_wconf 80' lang='grc' dir='ltr'><strong><em>πλήθη;</em></strong></span> <span class='ocrx_word' id='word_1_111' title='bbox 807 1825 905 1889; x_wconf 86' lang='lat' dir='ltr'>quare</span> <span class='ocrx_word' id='word_1_112' title='bbox 928 1806 981 1871; x_wconf 92' lang='lat' dir='ltr'>hio</span> <span class='ocrx_word' id='word_1_113' title='bbox 1003 1807 1114 1887; x_wconf 88' lang='lat' dir='ltr'>aliqua</span> <span class='ocrx_word' id='word_1_114' title='bbox 1135 1803 1317 1887; x_wconf 88' lang='lat' dir='ltr'>corruptela</span> <span class='ocrx_word' id='word_1_115' title='bbox 1340 1804 1432 1885; x_wconf 89' lang='lat' dir='ltr'>latet,</span> 
     </span>
     <span class='ocr_line' id='line_1_17' title="bbox 279 1901 1433 1992; baseline -0.009 -17"><span class='ocrx_word' id='word_1_116' title='bbox 279 1929 376 1992; x_wconf 90' lang='lat' dir='ltr'>quam</span> <span class='ocrx_word' id='word_1_117' title='bbox 401 1909 577 1973; x_wconf 88' lang='lat' dir='ltr'>remouisse</span> <span class='ocrx_word' id='word_1_118' title='bbox 605 1908 697 1974; x_wconf 92' lang='lat' dir='ltr'>nobis</span> <span class='ocrx_word' id='word_1_119' title='bbox 725 1906 872 1972; x_wconf 88' lang='lat' dir='ltr'>uidemur</span> <span class='ocrx_word' id='word_1_120' title='bbox 900 1908 1074 1973; x_wconf 87' lang='lat' dir='ltr'>scribentes</span> <span class='ocrx_word' id='word_1_121' title='bbox 1104 1901 1254 1990; x_wconf 92' lang='grc' dir='ltr'><strong><em>ἐμβρύων</em></strong></span> <span class='ocrx_word' id='word_1_122' title='bbox 1276 1901 1433 1989; x_wconf 82' lang='grc' dir='ltr'><strong><em>πλήρη;</em></strong></span> 
     </span>
     <span class='ocr_line' id='line_1_18' title="bbox 276 2004 1431 2092; baseline -0.006 -15"><span class='ocrx_word' id='word_1_123' title='bbox 276 2029 390 2077; x_wconf 87' lang='lat' dir='ltr'>uersus</span> <span class='ocrx_word' id='word_1_124' title='bbox 412 2009 459 2076; x_wconf 89' lang='lat' dir='ltr'>sie</span> <span class='ocrx_word' id='word_1_125' title='bbox 480 2010 691 2074; x_wconf 88' lang='lat' dir='ltr'>instauramus</span> <span class='ocrx_word' id='word_1_126' title='bbox 714 2009 907 2092; x_wconf 89' lang='lat' dir='ltr'>transposito</span> <span class='ocrx_word' id='word_1_127' title='bbox 923 2009 1080 2075; x_wconf 85' lang='lat' dir='ltr'>uocabulo</span> <span class='ocrx_word' id='word_1_128' title='bbox 1101 2004 1209 2091; x_wconf 85' lang='grc' dir='ltr'><strong><em>χόρια,</em></strong></span> <span class='ocrx_word' id='word_1_129' title='bbox 1233 2005 1321 2089; x_wconf 91' lang='lat' dir='ltr'>quod</span> <span class='ocrx_word' id='word_1_130' title='bbox 1343 2007 1431 2088; x_wconf 89' lang='lat' dir='ltr'>prin-</span> 
     </span>
    </p>
   </div>
   <div class='ocr_carea' id='block_1_5' title="bbox 182 2111 470 2195">
    <p class='ocr_par' dir='ltr' id='par_1_9' title="bbox 182 2111 470 2195">
     <span class='ocr_line' id='line_1_19' title="bbox 182 2111 470 2195; baseline -0.014 -16"><span class='ocrx_word' id='word_1_131' title='bbox 182 2143 187 2148; x_wconf 92' lang='lat'>·</span> <span class='ocrx_word' id='word_1_132' title='bbox 279 2111 384 2195; x_wconf 90' lang='lat' dir='ltr'>oipale</span> <span class='ocrx_word' id='word_1_133' title='bbox 407 2115 470 2192; x_wconf 91' lang='lat' dir='ltr'>est,</span> 
     </span>
    </p>
   </div>
   <div class='ocr_carea' id='block_1_6' title="bbox 279 2207 1434 4016">
    <p class='ocr_par' dir='ltr' id='par_1_10' title="bbox 482 2207 939 2297">
     <span class='ocr_line' id='line_1_20' title="bbox 482 2207 939 2297; baseline 0 -23"><span class='ocrx_word' id='word_1_134' title='bbox 482 2207 582 2294; x_wconf 88' lang='grc' dir='ltr'><strong><em>χόρια</em></strong></span> <span class='ocrx_word' id='word_1_135' title='bbox 605 2207 802 2297; x_wconf 86' lang='grc' dir='ltr'><strong><em>νεοτρόφοιο</em></strong></span> <span class='ocrx_word' id='word_1_136' title='bbox 824 2213 939 2294; x_wconf 87' lang='grc' dir='ltr'><strong><em>γέννας</em></strong></span> 
     </span>
    </p>

    <p class='ocr_par' dir='ltr' id='par_1_11' title="bbox 279 2307 1434 3188">
     <span class='ocr_line' id='line_1_21' title="bbox 483 2307 837 2399; baseline 0.008 -26"><span class='ocrx_word' id='word_1_137' title='bbox 483 2307 633 2393; x_wconf 85' lang='grc' dir='ltr'><strong><em>ἐμβρύων</em></strong></span> <span class='ocrx_word' id='word_1_138' title='bbox 654 2335 691 2376; x_wconf 87' lang='grc' dir='ltr'>τε</span> <span class='ocrx_word' id='word_1_139' title='bbox 712 2309 837 2399; x_wconf 92' lang='grc' dir='ltr'><strong><em>πλήρη,</em></strong></span> 
     </span>
     <span class='ocr_line' id='line_1_22' title="bbox 279 2405 1432 2497; baseline 0 -21"><span class='ocrx_word' id='word_1_140' title='bbox 279 2413 326 2476; x_wconf 91' lang='lat' dir='ltr'>ita</span> <span class='ocrx_word' id='word_1_141' title='bbox 339 2416 375 2476; x_wconf 90' lang='lat' dir='ltr'>ut</span> <span class='ocrx_word' id='word_1_142' title='bbox 389 2410 471 2476; x_wconf 90' lang='lat' dir='ltr'>nihil</span> <span class='ocrx_word' id='word_1_143' title='bbox 486 2412 575 2478; x_wconf 92' lang='lat' dir='ltr'>aliud</span> <span class='ocrx_word' id='word_1_144' title='bbox 591 2413 714 2479; x_wconf 82' lang='lat' dir='ltr'>dixisse</span> <span class='ocrx_word' id='word_1_145' title='bbox 735 2420 864 2497; x_wconf 88' lang='lat' dir='ltr'>poetam</span> <span class='ocrx_word' id='word_1_146' title='bbox 885 2414 1076 2479; x_wconf 86' lang='lat' dir='ltr'>arbitremur</span> <span class='ocrx_word' id='word_1_147' title='bbox 1095 2431 1191 2495; x_wconf 90' lang='lat' dir='ltr'>quam</span> <span class='ocrx_word' id='word_1_148' title='bbox 1210 2405 1432 2478; x_wconf 82' lang='lat' dir='ltr'>‘membranae</span> 
     </span>
     <span class='ocr_line' id='line_1_23' title="bbox 280 2505 1431 2598; baseline 0.001 -21"><span class='ocrx_word' id='word_1_149' title='bbox 280 2512 402 2577; x_wconf 89' lang='lat' dir='ltr'>subolis</span> <span class='ocrx_word' id='word_1_150' title='bbox 418 2515 554 2579; x_wconf 87' lang='lat' dir='ltr'>recentis</span> <span class='ocrx_word' id='word_1_151' title='bbox 568 2514 754 2596; x_wconf 77' lang='lat' dir='ltr'>semumque</span> <span class='ocrx_word' id='word_1_152' title='bbox 768 2505 911 2598; x_wconf 87' lang='lat' dir='ltr'>plenae’,</span> <span class='ocrx_word' id='word_1_153' title='bbox 934 2515 1149 2596; x_wconf 86' lang='lat' dir='ltr'>praecessisse</span> <span class='ocrx_word' id='word_1_154' title='bbox 1163 2517 1271 2578; x_wconf 89' lang='lat' dir='ltr'>autem</span> <span class='ocrx_word' id='word_1_155' title='bbox 1286 2513 1340 2577; x_wconf 88' lang='lat' dir='ltr'>uel</span> <span class='ocrx_word' id='word_1_156' title='bbox 1356 2513 1431 2579; x_wconf 89' lang='lat' dir='ltr'>sub·</span> 
     </span>
     <span class='ocr_line' id='line_1_24' title="bbox 279 2613 1432 2697; baseline 0.003 -20"><span class='ocrx_word' id='word_1_157' title='bbox 279 2617 425 2678; x_wconf 87' lang='lat' dir='ltr'>secutum</span> <span class='ocrx_word' id='word_1_158' title='bbox 439 2615 618 2680; x_wconf 91' lang='lat' dir='ltr'>accuratius</span> <span class='ocrx_word' id='word_1_159' title='bbox 632 2620 840 2696; x_wconf 88' lang='lat' dir='ltr'>praeceptum</span> <span class='ocrx_word' id='word_1_160' title='bbox 855 2614 1054 2697; x_wconf 81' lang='lat' dir='ltr'>salinarium,</span> <span class='ocrx_word' id='word_1_161' title='bbox 1071 2613 1158 2696; x_wconf 91' lang='lat' dir='ltr'>quod</span> <span class='ocrx_word' id='word_1_162' title='bbox 1174 2615 1317 2697; x_wconf 84' lang='lat' dir='ltr'>sequitur</span> <span class='ocrx_word' id='word_1_163' title='bbox 1332 2615 1432 2680; x_wconf 88' lang='lat' dir='ltr'>etiam</span> 
     </span>
     <span class='ocr_line' id='line_1_25' title="bbox 279 2711 1432 2799; baseline 0.003 -21"><span class='ocrx_word' id='word_1_164' title='bbox 279 2713 368 2797; x_wconf 92' lang='lat' dir='ltr'>apud</span> <span class='ocrx_word' id='word_1_165' title='bbox 391 2711 597 2780; x_wconf 88' lang='lat' dir='ltr'>scholiastam</span> <span class='ocrx_word' id='word_1_166' title='bbox 612 2714 786 2780; x_wconf 79' lang='lat' dir='ltr'>Theocriti.</span> <span class='ocrx_word' id='word_1_167' title='bbox 820 2716 888 2780; x_wconf 90' lang='lat' dir='ltr'>lam</span> <span class='ocrx_word' id='word_1_168' title='bbox 911 2735 981 2780; x_wconf 90' lang='lat' dir='ltr'>cum</span> <span class='ocrx_word' id='word_1_169' title='bbox 1004 2715 1152 2781; x_wconf 90' lang='lat' dir='ltr'>uideatur</span> <span class='ocrx_word' id='word_1_170' title='bbox 1175 2715 1227 2780; x_wconf 93' lang='lat' dir='ltr'>hic</span> <span class='ocrx_word' id='word_1_171' title='bbox 1247 2717 1339 2782; x_wconf 89' lang='lat' dir='ltr'>cibus</span> <span class='ocrx_word' id='word_1_172' title='bbox 1361 2718 1432 2799; x_wconf 90' lang='lat' dir='ltr'>ple·</span> 
     </span>
     <span class='ocr_line' id='line_1_26' title="bbox 279 2816 1434 2900; baseline 0.001 -20"><span class='ocrx_word' id='word_1_173' title='bbox 279 2833 415 2897; x_wconf 86' lang='lat' dir='ltr'>rumque</span> <span class='ocrx_word' id='word_1_174' title='bbox 431 2816 464 2880; x_wconf 93' lang='lat' dir='ltr'>in</span> <span class='ocrx_word' id='word_1_175' title='bbox 478 2821 643 2896; x_wconf 89' lang='lat' dir='ltr'>pastorum</span> <span class='ocrx_word' id='word_1_176' title='bbox 657 2818 775 2882; x_wconf 87' lang='lat' dir='ltr'>mensis</span> <span class='ocrx_word' id='word_1_177' title='bbox 795 2818 961 2900; x_wconf 89' lang='lat' dir='ltr'>appositus</span> <span class='ocrx_word' id='word_1_178' title='bbox 983 2817 1092 2900; x_wconf 84' lang='lat' dir='ltr'>fuisse,</span> <span class='ocrx_word' id='word_1_179' title='bbox 1115 2837 1179 2882; x_wconf 93' lang='lat' dir='ltr'>non</span> <span class='ocrx_word' id='word_1_180' title='bbox 1201 2818 1357 2883; x_wconf 91' lang='lat' dir='ltr'>absonum</span> <span class='ocrx_word' id='word_1_181' title='bbox 1384 2823 1434 2883; x_wconf 91' lang='lat' dir='ltr'>est</span> 
     </span>
     <span class='ocr_line' id='line_1_27' title="bbox 279 2914 1433 3002; baseline 0.003 -23"><span class='ocrx_word' id='word_1_182' title='bbox 279 2914 334 2981; x_wconf 89' lang='lat' dir='ltr'>hic</span> <span class='ocrx_word' id='word_1_183' title='bbox 356 2915 397 2982; x_wconf 91' lang='lat' dir='ltr'>de</span> <span class='ocrx_word' id='word_1_184' title='bbox 421 2915 580 3000; x_wconf 80' lang='lat' dir='ltr'>Cyclope,</span> <span class='ocrx_word' id='word_1_185' title='bbox 604 2916 733 2984; x_wconf 90' lang='lat' dir='ltr'>homine</span> <span class='ocrx_word' id='word_1_186' title='bbox 755 2919 880 2983; x_wconf 87' lang='lat' dir='ltr'>subtilis</span> <span class='ocrx_word' id='word_1_187' title='bbox 902 2919 1019 3002; x_wconf 86' lang='lat' dir='ltr'>palati,</span> <span class='ocrx_word' id='word_1_188' title='bbox 1043 2918 1200 3001; x_wconf 85' lang='lat' dir='ltr'>cogitare,</span> <span class='ocrx_word' id='word_1_189' title='bbox 1227 2919 1283 3000; x_wconf 91' lang='lat' dir='ltr'>qui</span> <span class='ocrx_word' id='word_1_190' title='bbox 1304 2915 1433 3000; x_wconf 87' lang='grc' dir='ltr'><strong><em>μόσχον</em></strong></span> 
     </span>
     <span class='ocr_line' id='line_1_28' title="bbox 280 3007 1433 3103; baseline 0.004 -23"><span class='ocrx_word' id='word_1_191' title='bbox 280 3007 387 3082; x_wconf 84' lang='grc' dir='ltr'><strong><em>όπτόν</em></strong></span> <span class='ocrx_word' id='word_1_192' title='bbox 409 3018 520 3084; x_wconf 90' lang='lat' dir='ltr'>laudat</span> <span class='ocrx_word' id='word_1_193' title='bbox 542 3019 639 3084; x_wconf 91' lang='lat' dir='ltr'>etiam</span> <span class='ocrx_word' id='word_1_194' title='bbox 661 3019 958 3103; x_wconf 76' lang='lat' dir='ltr'>apudlluripidem</span> <span class='ocrx_word' id='word_1_195' title='bbox 982 3018 1070 3103; x_wconf 82' lang='lat' dir='ltr'>Gyri.</span> <span class='ocrx_word' id='word_1_196' title='bbox 1087 3039 1117 3085; x_wconf 92' lang='lat' dir='ltr'>u.</span> <span class='ocrx_word' id='word_1_197' title='bbox 1131 3022 1208 3103; x_wconf 81' lang='lat'><strong>325,</strong></span> <span class='ocrx_word' id='word_1_198' title='bbox 1234 3019 1277 3084; x_wconf 91' lang='lat' dir='ltr'>ad</span> <span class='ocrx_word' id='word_1_199' title='bbox 1300 3019 1433 3102; x_wconf 88' lang='lat' dir='ltr'>qualem</span> 
     </span>
     <span class='ocr_line' id='line_1_29' title="bbox 280 3120 956 3188; baseline 0 -4"><span class='ocrx_word' id='word_1_200' title='bbox 280 3138 431 3186; x_wconf 88' lang='lat' dir='ltr'>scaenam</span> <span class='ocrx_word' id='word_1_201' title='bbox 453 3120 511 3185; x_wconf 91' lang='lat' dir='ltr'>illa</span> <span class='ocrx_word' id='word_1_202' title='bbox 531 3121 631 3188; x_wconf 89' lang='lat' dir='ltr'>uerba</span> <span class='ocrx_word' id='word_1_203' title='bbox 651 3120 835 3187; x_wconf 90' lang='lat' dir='ltr'>reuocanda</span> <span class='ocrx_word' id='word_1_204' title='bbox 856 3125 956 3185; x_wconf 90' lang='lat' dir='ltr'>erunt.</span> 
     </span>
    </p>

    <p class='ocr_par' dir='ltr' id='par_1_12' title="bbox 279 3220 1431 3810">
     <span class='ocr_line' id='line_1_30' title="bbox 365 3220 1431 3304; baseline 0.001 -19"><span class='ocrx_word' id='word_1_205' title='bbox 365 3220 513 3287; x_wconf 89' lang='lat' dir='ltr'>Vidimus</span> <span class='ocrx_word' id='word_1_206' title='bbox 539 3222 636 3304; x_wconf 84' lang='lat' dir='ltr'>igitur</span> <span class='ocrx_word' id='word_1_207' title='bbox 658 3222 821 3288; x_wconf 81' lang='lat' dir='ltr'>Cratinum</span> <span class='ocrx_word' id='word_1_208' title='bbox 848 3223 882 3286; x_wconf 93' lang='lat' dir='ltr'>in</span> <span class='ocrx_word' id='word_1_209' title='bbox 911 3223 1093 3287; x_wconf 88' lang='lat' dir='ltr'>uniuersum</span> <span class='ocrx_word' id='word_1_210' title='bbox 1119 3221 1261 3288; x_wconf 88' lang='lat' dir='ltr'>fabulam</span> <span class='ocrx_word' id='word_1_211' title='bbox 1282 3221 1431 3287; x_wconf 89' lang='lat' dir='ltr'>Homeri·</span> 
     </span>
     <span class='ocr_line' id='line_1_31' title="bbox 280 3323 1431 3409; baseline 0.004 -25"><span class='ocrx_word' id='word_1_212' title='bbox 280 3339 352 3384; x_wconf 88' lang='lat' dir='ltr'>oam</span> <span class='ocrx_word' id='word_1_213' title='bbox 372 3327 516 3387; x_wconf 86' lang='lat' dir='ltr'>secutum</span> <span class='ocrx_word' id='word_1_214' title='bbox 536 3327 800 3409; x_wconf 83' lang='grc' dir='ltr'><strong><em>γαστριμαργίαν</em></strong></span> <span class='ocrx_word' id='word_1_215' title='bbox 814 3324 967 3408; x_wconf 76' lang='lat' dir='ltr'>Cyclopis</span> <span class='ocrx_word' id='word_1_216' title='bbox 982 3324 1016 3388; x_wconf 92' lang='lat' dir='ltr'>in</span> <span class='ocrx_word' id='word_1_217' title='bbox 1032 3323 1134 3388; x_wconf 88' lang='lat' dir='ltr'>maius</span> <span class='ocrx_word' id='word_1_218' title='bbox 1148 3324 1278 3388; x_wconf 84' lang='lat' dir='ltr'>auxisse</span> <span class='ocrx_word' id='word_1_219' title='bbox 1293 3323 1431 3389; x_wconf 86' lang='lat' dir='ltr'>fortasse</span> 
     </span>
     <span class='ocr_line' id='line_1_32' title="bbox 280 3417 1431 3510; baseline 0.007 -28"><span class='ocrx_word' id='word_1_220' title='bbox 280 3417 343 3484; x_wconf 92' lang='lat' dir='ltr'>hac</span> <span class='ocrx_word' id='word_1_221' title='bbox 364 3419 398 3482; x_wconf 90' lang='lat' dir='ltr'>in</span> <span class='ocrx_word' id='word_1_222' title='bbox 419 3439 454 3485; x_wconf 90' lang='lat' dir='ltr'>re</span> <span class='ocrx_word' id='word_1_223' title='bbox 476 3421 662 3504; x_wconf 79' lang='lat' dir='ltr'>Epicharmi</span> <span class='ocrx_word' id='word_1_224' title='bbox 685 3426 834 3510; x_wconf 84' lang='lat' dir='ltr'>exemplo</span> <span class='ocrx_word' id='word_1_225' title='bbox 857 3425 1015 3507; x_wconf 89' lang='lat' dir='ltr'>adiutum,</span> <span class='ocrx_word' id='word_1_226' title='bbox 1046 3425 1174 3490; x_wconf 92' lang='lat' dir='ltr'>omnino</span> <span class='ocrx_word' id='word_1_227' title='bbox 1196 3430 1304 3490; x_wconf 89' lang='lat' dir='ltr'>autem</span> <span class='ocrx_word' id='word_1_228' title='bbox 1325 3425 1431 3508; x_wconf 86' lang='lat' dir='ltr'>magis</span> 
     </span>
     <span class='ocr_line' id='line_1_33' title="bbox 280 3519 1428 3610; baseline 0.005 -26"><span class='ocrx_word' id='word_1_229' title='bbox 280 3519 316 3584; x_wconf 90' lang='lat' dir='ltr'>id</span> <span class='ocrx_word' id='word_1_230' title='bbox 339 3526 519 3605; x_wconf 86' lang='lat' dir='ltr'>spectasse,</span> <span class='ocrx_word' id='word_1_231' title='bbox 547 3529 583 3588; x_wconf 90' lang='lat' dir='ltr'>ut</span> <span class='ocrx_word' id='word_1_232' title='bbox 604 3524 810 3593; x_wconf 89' lang='lat' dir='ltr'>Homericam</span> <span class='ocrx_word' id='word_1_233' title='bbox 831 3525 926 3593; x_wconf 89' lang='lat' dir='ltr'>huius</span> <span class='ocrx_word' id='word_1_234' title='bbox 950 3528 997 3591; x_wconf 91' lang='lat' dir='ltr'>rei</span> <span class='ocrx_word' id='word_1_235' title='bbox 1026 3527 1248 3592; x_wconf 89' lang='lat' dir='ltr'>tractationem</span> <span class='ocrx_word' id='word_1_236' title='bbox 1271 3531 1428 3610; x_wconf 88' lang='lat' dir='ltr'>carperet,</span> 
     </span>
     <span class='ocr_line' id='line_1_34' title="bbox 281 3621 1428 3712; baseline 0.006 -26"><span class='ocrx_word' id='word_1_237' title='bbox 281 3640 378 3704; x_wconf 90' lang='lat' dir='ltr'>quam</span> <span class='ocrx_word' id='word_1_238' title='bbox 402 3621 443 3688; x_wconf 90' lang='lat' dir='ltr'>de</span> <span class='ocrx_word' id='word_1_239' title='bbox 465 3642 522 3689; x_wconf 92' lang='lat' dir='ltr'>suo</span> <span class='ocrx_word' id='word_1_240' title='bbox 545 3631 687 3710; x_wconf 88' lang='lat' dir='ltr'>nouaret‚</span> <span class='ocrx_word' id='word_1_241' title='bbox 711 3627 745 3692; x_wconf 93' lang='lat' dir='ltr'>id</span> <span class='ocrx_word' id='word_1_242' title='bbox 761 3626 1015 3709; x_wconf 81' lang='lat' dir='ltr'>quodsequenti</span> <span class='ocrx_word' id='word_1_243' title='bbox 1037 3633 1182 3712; x_wconf 90' lang='lat' dir='ltr'>tempore</span> <span class='ocrx_word' id='word_1_244' title='bbox 1204 3628 1321 3693; x_wconf 86' lang='lat' dir='ltr'>factum</span> <span class='ocrx_word' id='word_1_245' title='bbox 1339 3628 1428 3693; x_wconf 90' lang='lat' dir='ltr'>uide-</span> 
     </span>
     <span class='ocr_line' id='line_1_35' title="bbox 279 3724 743 3810; baseline -0.002 -18"><span class='ocrx_word' id='word_1_246' title='bbox 279 3724 386 3792; x_wconf 90' lang='lat' dir='ltr'>bimus</span> <span class='ocrx_word' id='word_1_247' title='bbox 408 3725 442 3790; x_wconf 93' lang='lat' dir='ltr'>in</span> <span class='ocrx_word' id='word_1_248' title='bbox 463 3724 574 3791; x_wconf 83' lang='lat' dir='ltr'>fabula</span> <span class='ocrx_word' id='word_1_249' title='bbox 586 3727 743 3810; x_wconf 77' lang='lat' dir='ltr'>satyrica.</span> 
     </span>
    </p>

    <p class='ocr_par' dir='ltr' id='par_1_13' title="bbox 280 3827 1427 4016">
     <span class='ocr_line' id='line_1_36' title="bbox 365 3827 1427 3911; baseline 0.001 -18"><span class='ocrx_word' id='word_1_250' title='bbox 365 3827 502 3910; x_wconf 89' lang='lat' dir='ltr'>Propter</span> <span class='ocrx_word' id='word_1_251' title='bbox 516 3827 601 3892; x_wconf 90' lang='lat' dir='ltr'>tituli</span> <span class='ocrx_word' id='word_1_252' title='bbox 616 3827 857 3895; x_wconf 89' lang='lat' dir='ltr'>similitudinem</span> <span class='ocrx_word' id='word_1_253' title='bbox 871 3829 983 3911; x_wconf 88' lang='lat' dir='ltr'>paucis</span> <span class='ocrx_word' id='word_1_254' title='bbox 1005 3828 1059 3896; x_wconf 89' lang='lat' dir='ltr'>hic</span> <span class='ocrx_word' id='word_1_255' title='bbox 1080 3832 1250 3897; x_wconf 88' lang='lat' dir='ltr'>absoluere</span> <span class='ocrx_word' id='word_1_256' title='bbox 1270 3831 1368 3898; x_wconf 81' lang='lat' dir='ltr'>liceat</span> <span class='ocrx_word' id='word_1_257' title='bbox 1385 3830 1427 3896; x_wconf 87' lang='lat' dir='ltr'>de</span> 
     </span>
     <span class='ocr_line' id='line_1_37' title="bbox 280 3926 1426 4016; baseline 0.003 -25"><span class='ocrx_word' id='word_1_258' title='bbox 280 3926 531 4012; x_wconf 80' lang='lat' dir='ltr'>Theopompi</span> <span class='ocrx_word' id='word_1_259' title='bbox 556 3963 595 3972; x_wconf 91' lang='lat'><em>-</em></span> <span class='ocrx_word' id='word_1_260' title='bbox 617 3930 803 4012; x_wconf 89' lang='lat' dir='ltr'>posterioris</span> <span class='ocrx_word' id='word_1_261' title='bbox 818 3949 895 3997; x_wconf 90' lang='lat' dir='ltr'>sane</span> <span class='ocrx_word' id='word_1_262' title='bbox 910 3931 1026 3997; x_wconf 87' lang='lat' dir='ltr'>aetatis</span> <span class='ocrx_word' id='word_1_263' title='bbox 1041 3931 1297 4016; x_wconf 86' lang='lat' dir='ltr'>Aristophaneae</span> <span class='ocrx_word' id='word_1_264' title='bbox 1313 3931 1426 4000; x_wconf 87' lang='lat' dir='ltr'>comici</span> 
     </span>
    </p>
   </div>
   <div class='ocr_carea' id='block_1_7' title="bbox 0 0 1525 4672">
    <p class='ocr_par' dir='ltr' id='par_1_14' title="bbox 0 0 1525 4672">
     <span class='ocr_line' id='line_1_38' title="bbox 0 0 1525 4672; baseline 0 0"><span class='ocrx_word' id='word_1_265' title='bbox 0 0 1525 4672; x_wconf 95' lang='lat' dir='ltr'> </span> 
     </span>
    </p>
   </div>
  </div>
 </body>
</html>
