2998 4674
296 226 357 285 270
656 224 787 292 Georgius
804 223 939 278 Ricardus
955 221 1074 278 Holland

295 401 346 466 cul
369 399 468 464 dubio
490 419 532 464 err
554 419 612 464 sua
633 397 814 483 mythorum
833 395 1040 479 chronologia
1055 393 1218 477 Daphnim
1233 393 1355 460 obiisse
1369 399 1434 458 anta
1475 407 1476 460 1

293 500 406 566 Acidis
426 520 539 566 necem
561 507 593 565 ct
614 501 820 566 mutationem
832 501 854 576 ¹)
876 498 928 575 (oi.
948 498 1113 562 Ducbncr:
1134 489 1245 562 ‘revue
1262 495 1304 561 de
1319 485 1431 579 philol'

296 605 377 666 1847
400 624 431 687 p.
446 604 529 678 457).
561 601 717 668 Narrasse
739 602 836 685 igitur
856 600 1017 684 putandus
1040 606 1089 666 est
1107 593 1303 682 ‘Symaethii
1318 587 1430 663 herois'

293 704 444 770 fabulam.
478 704 546 769 lam
569 705 597 768 si
619 723 695 770 uere
718 702 823 768 eidem
846 703 994 786 scriptori
1011 701 1195 786 adsignauit
1209 700 1382 766 Muellerus
1403 700 1432 762 fr.

257 805 261 814 “
294 804 366 871 hist
380 806 434 872 Gr.
451 805 483 868 Π
497 827 528 889 p.
542 809 603 869 375
625 806 725 871 libros
747 805 827 889 περὶ
842 805 909 867 τῶν
925 799 958 867 ἔν
973 802 1109 888 Σικελίᾳ
1123 800 1388 884 θαυμαζομένων
1408 809 1434 866 el

293 907 372 992 περὶ
396 910 544 987 νομίμων
564 907 786 991 βαρβαρικῶν,
809 904 1077 990 Nymphodorum
1098 905 1264 989 scripsisse
1287 905 1318 970 ci
1341 904 1433 970 oredi-

293 1029 362 1074 mus
378 1010 437 1076 sub
453 1007 638 1074 Ptolomaeo
654 1007 879 1091 Philadelpho.
918 1007 979 1073 Illo
1002 1008 1098 1091 igitur
1121 1013 1264 1091 tempore
1282 1013 1360 1072 nota
1374 1011 1434 1072 erat

292 1111 402 1176 fabula
423 1108 575 1175 historico
596 1117 680 1176 certe
696 1108 899 1193 Syracusano
921 1111 955 1174 in
977 1109 1101 1194 patriae
1122 1108 1243 1192 mythis
1265 1110 1349 1176 bene
1370 1128 1431 1173 uer·

293 1219 379 1292 sato,
407 1210 547 1277 nondum
570 1218 605 1276 ut
626 1211 753 1277 uidetur
774 1212 807 1276 in
829 1213 1026 1296 poeticorum
1056 1210 1232 1276 studiorum
1260 1212 1369 1277 orbem
1391 1230 1431 1276 rc·

293 1321 402 1398 cepta,
430 1315 458 1380 si
487 1312 616 1396 quidem
646 1333 726 1398 opus
754 1313 814 1379 fuit
842 1313 1015 1379 admonere
1041 1313 1371 1404 Theocritillectores
1397 1312 1432 1376 de

293 1435 400 1482 errore
420 1414 570 1481 admisso.
605 1416 646 1480 Iit
659 1436 694 1481 re
710 1423 877 1497 umatum,
900 1435 971 1482 cum
986 1415 1175 1482 Theocritus
1191 1416 1232 1481 de
1247 1414 1432 1500 Polyphemi

292 1519 454 1583 amoribus
476 1517 653 1599 composuit
680 1517 811 1602 idyllia,
840 1518 915 1582 trita
936 1537 999 1582 non
1028 1518 1154 1584 uidetur
1182 1518 1281 1584 fuisse
1311 1519 1431 1598 labella.

293 1639 389 1701 quam
404 1621 571 1702 opinamur
585 1625 671 1684 certe
685 1620 800 1684 leniter
814 1628 946 1703 tangere
969 1626 1003 1685 ut
1025 1622 1129 1686 solent
1142 1619 1354 1684 Alexandrini
1376 1639 1431 1683 nou

293 1723 461 1787 omisisset
490 1721 676 1786 Proficimus
687 1727 794 1786 autem
809 1741 892 1786 nuno
903 1721 1074 1788 redeuntes
1089 1721 1131 1787 ad
1146 1723 1347 1806 praeclarum
1360 1720 1431 1785 illud

293 1823 335 1886 de
356 1822 468 1888 Bionis
490 1821 627 1888 Galatea
648 1823 865 1888 testimonium
886 1822 1086 1890 Ps.-Mosch.
1103 1825 1179 1908 epit.
1196 1824 1287 1888 Bion.
1305 1827 1344 1886 59
1353 1843 1430 1906 sqq.:

377 1931 499 1996 Κλαίει
520 1932 575 1996 καὶ
599 1936 630 1995 Γ
628 1928 766 1996 ολάτεια
788 1928 825 1996 τὸ
851 1928 909 1999 σὸν
931 1933 1042 2013 τέλος,
1066 1923 1106 1998 ἔν
1128 1923 1209 1996 ποκ’
1236 1930 1370 2019 ἔτερπες

378 2030 534 2115 ἑζομέναν
555 2029 642 2119 πρὸς
665 2033 736 2098 cisio
758 2025 843 2121 παρ’
868 2025 1019 2121 ἠϊόνεσσι
1039 2033 1228 2110 θαλάσσας.

379 2127 416 2200 οὗ
438 2131 499 2220 μὰρ
523 2132 597 2199 'door
619 2132 782 2201 Κύκλωπι
803 2136 974 2219 μιλίοδεο·
997 2134 1055 2203 τὸν
1077 2136 1138 2220 μὲν
1161 2134 1297 2223 ἔφευγεν

380 2231 401 2300 ἆ
422 2233 506 2300 καλὰ
526 2241 560 2302 Γ
559 2234 711 2317 addesco,
736 2237 772 2302 σέ
795 2229 828 2302 δ’
854 2229 950 2304 ἅδιον
972 2236 1111 2323 ἔβλεπεν
1134 2229 1250 2322 ἅλμας.

378 2340 434 2404 καὶ
455 2340 511 2404 νῦν
533 2339 703 2422 λασομένο
724 2341 772 2403 τῶ
792 2337 937 2422 κύματος
959 2337 993 2405 ἐν
1014 2334 1233 2424 ψαμάθοισιν

380 2433 463 2518 ἔξιτ’
489 2437 682 2528 ἔρημαίῃσι,
704 2438 789 2525 βόας
811 2434 843 2506 d'
869 2439 919 2508 ἔτι
942 2453 1013 2507 σεῖο
1036 2441 1177 2525 νομεύει.

294 2551 518 2618 Oondonamus
545 2551 705 2618 laudatori
733 2554 844 2620 Bionis
873 2554 959 2636 quod
987 2574 1067 2637 quos
1095 2556 1235 2621 ommino
1265 2553 1430 2621 celebrauit

293 2655 346 2719 uel
369 2653 542 2719 delectauit
564 2652 758 2737 Smyrnaeus
779 2663 892 2739 poeta,
923 2675 978 2722 eos
1000 2658 1110 2739 lugere
1131 2657 1230 2740 ‘fingit
1259 2655 1428 2724 mollissimi

293 2757 431 2822 cantoris
446 2756 648 2820 immaturum
663 2756 771 2840 letum,
794 2764 828 2822 ut
844 2778 896 2822 uu.
910 2760 950 2821 26
958 2777 1027 2840 sqq.
1049 2761 1191 2826 musicae
1206 2761 1284 2825 artis
1306 2777 1428 2843 pascuo·

292 2878 426 2942 rumque
449 2857 543 2941 deos,
572 2878 623 2923 uu.
641 2860 681 2921 69
689 2877 735 2939 sq.
759 2857 917 2924 Venerem
939 2859 1097 2926 adludens
1118 2861 1161 2927 ad
1184 2860 1344 2927 Adonidis
1372 2859 1428 2943 cpi-

293 2961 437 3046 taphium
458 2961 631 3045 Bioneum‚
660 2964 766 3024 tamen
789 2966 823 3025 ut
844 2962 940 3045 plena
966 2963 1033 3028 fere
1056 2962 1098 3028 de
1119 2963 1220 3028 Bione
1251 2970 1283 3029 ct
1305 2964 1429 3029 Galatea

293 3070 482 3130 contexatur
505 3069 537 3128 et
559 3083 600 3127 ex
623 3061 734 3127 ordine
756 3061 932 3129 deducatur
954 3063 1065 3130 fabula
1085 3066 1243 3131 amatoria
1270 3066 1343 3148 lege
1364 3082 1428 3148 poe-

293 3168 373 3232 tices
395 3186 459 3231 non
485 3184 670 3232 conoessum
700 3164 845 3231 ducimus
873 3185 933 3231 nec
960 3167 1036 3234 boni
1065 3166 1192 3250 iudicii,
1222 3169 1285 3232 nisi
1315 3165 1428 3234 subtilis

293 3269 402 3334 subest
422 3267 529 3349 notio,
557 3285 640 3348 quac
664 3274 795 3332 excuset
820 3268 910 3333 illam
939 3268 1129 3335 libertatem.
1174 3269 1306 3335 Nullum
1335 3275 1427 3334 autem

293 3372 391 3434 alium
414 3367 467 3435 hic
488 3367 661 3451 significari
682 3370 776 3437 nobis
796 3372 1012 3454 persuasimus
1035 3390 1133 3453 quam
1153 3371 1263 3453 Acim,
1287 3371 1321 3435 in
1343 3387 1426 3453 quem

293 3472 400 3537 omnia
415 3471 533 3552 optime
553 3471 721 3554 quadrant,
743 3473 771 3538 si
793 3471 877 3539 hano
898 3471 1068 3556 stropham¹
1087 3493 1159 3538 cum
1182 3474 1296 3538 ceteris
1320 3472 1360 3537 de
1380 3471 1427 3534 illo

293 3572 483 3640 testimoniis
506 3574 806 3656 comparauerimus.
852 3573 914 3652 Qui
943 3574 995 3639 hio
1023 3574 1183 3640 inducitur
1208 3581 1318 3659 pastor
1345 3573 1428 3639 facile

294 3675 483 3744 conciliatur
505 3693 577 3739 cum
599 3674 710 3740 Acidis
731 3695 885 3760 persona,
912 3679 1032 3761 quippe
1054 3698 1149 3763 quem
1172 3675 1314 3760 pecudes
1336 3681 1427 3742 custo·

293 3813 497 3825 ,-,.--..-

380 3899 404 3960 1)
422 3893 485 3949 Non
502 3907 608 3962 semper
632 3891 795 3960 conspicuus
817 3891 870 3946 fuit
887 3895 950 3948 Acis
972 3893 1086 3959 fluuius,
1109 3909 1187 3963 quem
1206 3894 1337 3948 Gluucrus
1361 3889 1425 3948 uilio

293 3981 326 4035 R.
345 3981 439 4034 Pirrus
456 3981 561 4033 Aetnae
579 3978 719 4046 eruptione
736 3977 862 4031 obrutum
879 3979 962 4033 tradit
979 3979 1013 4032 cl.
1033 3980 1121 4033 Holm.
1140 3979 1185 4034 1.1.
1204 3979 1218 4032 I
1236 3997 1263 4048 p.
1274 3983 1315 4034 27.
