2998 4674
253 207 319 266 294
424 241 427 246 ·
616 201 748 271 (laomim
764 199 900 257 Blandus
916 199 1035 258 Helland

250 399 290 446 ae
311 376 482 457 lasciuiae,
512 393 576 457 qna
602 371 711 438 illudit
731 371 969 457 Polyphemum
996 371 1160 440 desiderio
1189 374 1410 443 tabescentem

251 479 357 564 pomis
379 476 549 557 ImmiesIs3
570 473 660 558 apud
672 474 851 558 Vergilium
875 476 961 540 enim
983 475 1043 540 eol.
1058 475 1084 556 I,
1102 476 1222 558 slsqq.
1247 477 1301 553 (ol.
1317 477 1408 544 Mart.

251 579 339 662 vul,
353 580 404 661 so,
418 579 470 654 17)
494 577 642 659 mptum
663 573 820 641 Galatea
841 593 932 642 amor
953 575 996 642 ao
1017 582 1246 660 paupertatem
1273 577 1410 662 redegit,
1491 571 1492 664 l

252 700 313 747 neo
327 679 507 747 Damoetae
522 697 641 760 magua
657 677 814 759 religione
834 674 934 741 fidem
955 695 1103 744 semesae
1125 676 1257 744 uidetur
1272 679 1412 748 Galatea

253 784 313 849 eol.
328 781 387 864 111,
402 783 444 844 64
452 799 499 863 sq.
520 781 560 842 72
569 798 635 862 sq.,
658 779 713 861 qui
734 795 840 843 mores
863 779 1066 844 consentiunt
1087 796 1161 844 oum
1183 781 1358 848 meretriee
1380 783 1412 847 in
1491 791 1492 864 1

252 882 348 948 Pauli
368 880 546 948 Silentiarii
569 881 800 964 epigrammate
821 877 1150 962 Δο11ι.Ρο.1.11,256,
1172 880 1198 945 11
1219 900 1348 965 mores,
1371 902 1412 948 ex

253 983 371 1068 quibus
453 978 569 1066 φεύγει
591 980 751 1066 φιλέοντα
772 977 828 1043 καλ
851 970 890 1042 οὗ
913 979 1075 1066 φιλέοντα
1097 977 1213 1045 διώκει
1491 979 1492 1038 i

253 1085 305 1160 pf.
321 1082 593 1164 suatavam,
622 1079 753 1147 aneso.
768 1080 838 1146 oar.
853 1080 892 1158 v,
909 1082 983 1163 τα,
1000 1083 1035 1164 a
1068 1081 1140 1147 use.
1156 1081 1240 1166 sug.
1256 1084 1317 1166 uu,
1336 1085 1410 1168 311,

254 1184 330 1251 οἰδα
348 1182 484 1249 Kehr.:
507 1181 548 1248 de
570 1188 693 1267 poetar.
715 1182 772 1265 qui
793 1187 867 1247 suut
889 1182 923 1246 iu
939 1181 1070 1248 Anthol.
1085 1182 1156 1248 Pal.
1175 1183 1259 1250 stud.
1272 1183 1411 1252 Theoor.

254 1287 343 1370 Lips.
358 1287 440 1349 1880
455 1303 487 1367 p.
498 1285 561 1360 14).
598 1281 689 1362 Quae
707 1303 785 1349 uero
802 1282 893 1349 audit
907 1282 1045 1348 Galatea
1065 1303 1188 1368 prooax
1210 1285 1302 1369 apud
1318 1285 1411 1352 (ilan-

254 1388 343 1457 diau.
358 1383 482 1468 XXIX,
496 1387 557 1449 126
585 1383 669 1452 bane
696 1385 801 1468 ipsam
823 1384 865 1451 ob
885 1383 1098 1468 petulantiam
1119 1384 1255 1452 Thetidi
1282 1387 1412 1456 uidetur

257 1487 378 1574 opponi
399 1487 433 1552 in
454 1487 626 1572 prouerbio
641 1488 785 1571 Apostol.
797 1485 888 1568 XIII,
900 1488 957 1550 64:
980 1476 1017 1548 οὗ
1033 1482 1176 1552 δύνασαι
1193 1487 1339 1566 Θέτιδος
1358 1489 1411 1554 καὶ

256 1589 443 1664 Γαλατείας
471 1584 567 1673 ἐρᾶν·
596 1583 654 1652 ἐπὶ
682 1588 750 1651 τῶν
772 1578 917 1668 ἀνόμοια
945 1583 1130 1672 ζητούντων
1158 1589 1210 1665 (of.
1233 1589 1412 1677 Theophy·

255 1695 330 1758 laet.
347 1710 398 1774 ep.
412 1691 474 1767 39).
511 1690 626 1773 Neque
639 1695 748 1754 tamen
763 1687 880 1755 desunt
895 1686 990 1754 huius
1005 1689 1145 1755 nominis
1168 1693 1335 1777 exempla,
1359 1695 1414 1760 ubi

254 1793 372 1858 frustm
399 1791 486 1856 illius
510 1790 680 1873 superbiae
709 1788 831 1855 indioia
857 1790 1057 1872 quaesiueris
1086 1789 1125 1856 of.
1151 1791 1290 1859 Nieand.
1314 1795 1356 1860 fr.
1373 1800 1412 1859 45

256 1890 425 1972 Schneid.';
444 1888 540 1955 Auth.
553 1890 622 1955 Pal.
632 1890 671 1972 V,
684 1892 756 1973 244,
767 1894 800 1972 l,
817 1889 1053 1974 Theophylaet.
1070 1911 1120 1975 ep.
1134 1895 1223 1976 331),
1247 1901 1296 1960 est
1312 1897 1413 1962 etiam

256 1994 340 2059 inter
362 1991 557 2059 cottidianae
578 1990 667 2057 uitae
688 1992 820 2056 nomina
842 1991 881 2057 ol.
898 1991 933 2057 G.
949 1992 973 2056 Ι.
990 1991 1061 2056 Lat.
1073 1992 1112 2076 V,
1127 1995 1199 2058 846.
1212 1996 1307 2062 2224.
1324 1997 1412 2080 VIII,

259 2098 350 2159 1247.
373 2093 416 2176 X,
432 2095 526 2158 4596.
542 2095 628 2157 6474
642 2092 684 2157 al.
721 2091 790 2158 Nee
804 2091 955 2158 uidentur
969 2092 1019 2158 illi
1032 2113 1140 2161 mores
1155 2095 1288 2164 subesse
1311 2099 1412 2166 uersi-

254 2196 316 2263 bus
338 2217 359 2261 a
380 2195 532 2262 Gamero
558 2213 576 2260 e
604 2192 675 2261 eod.
697 2213 763 2278 reg.
783 2193 856 2258 Par.
878 2194 1035 2279 supplem.
1059 2199 1121 2260 352
1150 2198 1184 2262 in
1205 2197 1321 2265 aneed.
1339 2200 1411 2267 Par.

256 2298 319 2364 uol.
335 2297 381 2363 IV
402 2317 434 2381 p.
447 2298 509 2361 666
532 2294 643 2363 editis:

376 2389 466 2482 Ἥρη
489 2395 724 2478 παμβασίλεια
745 2391 922 2478 νεοζομέων
943 2389 1125 2479 ὑμεναίων,

386 2497 499 2584 δέρκεο
521 2493 639 2584 λυγρὸν
662 2495 770 2581 έρωτα
791 2499 1038 2584 μαραινομένης
1061 2503 1091 2561 Γ
1089 2498 1261 2587 αλατεέης,

385 2597 497 2684 δέρκεο
519 2595 624 2683 πικρὰ
645 2597 790 2680 βέλεμνα
811 2601 1054 2686 κορυσσομένης
1072 2591 1293 2689 Ἀφροδίτης·

385 2693 403 2764 ὃ
427 2700 509 2785 πρὶν
531 2695 727 2784 έριομανέοιν
751 2701 879 2782 στυγέει
901 2697 1087 2766 Γαλάτειαν
1111 2700 1265 2784 ἰδέσθαι,

257 2824 338 2888 quos
360 2802 491 2869 Iahnius
514 2801 535 2866 1.
547 2801 568 2865 l.
591 2799 635 2866 ad
654 2799 811 2867 Galateae
832 2802 975 2868 fabulam
997 2803 1185 2872 referendos
1208 2825 1280 2873 esse
1302 2815 1409 2892 negat.

257 2905 428 2989 Temporis
450 2909 558 2970 autem
580 2922 643 2988 quo
666 2902 794 2969 oriundi
815 2910 888 2970 sunt
909 2904 1065 2972 inditium
1088 2907 1277 2990 suppeditat
1300 2912 1410 2995 opina·

256 3006 435 3073 marratio
463 3005 604 3072 metrioa.
650 3004 777 3070 Etenim
804 3025 869 3071 non
898 3006 1001 3085 solum
1030 3027 1164 3074 eaesura
1191 3005 1276 3072 κατὰ
1298 3014 1411 3096 τρίτον

256 3119 412 3195 τροχαῖον
440 3109 474 3174 iu
503 3113 652 3190 quattuor
678 3107 825 3173 uersibus
852 3112 901 3172 ter
929 3107 1026 3172 obuia
1056 3109 1268 3192 posteriorem
1299 3114 1410 3197 epieae

257 3212 367 3296 poesis
384 3209 528 3277 Graecae
544 3214 682 3274 aetatem
705 3207 854 3292 ostendit,
878 3206 937 3273 sed
959 3209 1057 3274 etiam
1079 3210 1135 3291 lex
1157 3212 1215 3277 illa
1229 3211 1409 3296 Nonniaua,

259 3331 355 3394 quam
369 3311 522 3394 cognouit
535 3308 704 3375 Arthurius
719 3307 876 3374 Ludwioh
891 3312 975 3384 (anu.
988 3308 1100 3394 philol.
1113 3311 1189 3380 CIX
1203 3333 1235 3397 p.
1246 3317 1303 3378 441
1318 3317 1408 3398 sqq.),

259 3431 301 3478 ex
324 3431 388 3492 qua
408 3412 661 3496 Panopolitanus
683 3415 945 3493 proparoxytono
968 3411 1128 3480 uocabulo
1149 3434 1280 3482 uersum
1302 3418 1407 3483 termi-

338 3599 363 3660 1)
382 3591 467 3660 Quem
478 3592 517 3646 ibi
525 3592 663 3660 Hauptius
675 3608 720 3661 ap.
732 3592 861 3647 Heroher.
874 3592 903 3647 iu
915 3593 1070 3664 epistologr.
1082 3595 1144 3650 adn.
1156 3597 1215 3652 erit.
1228 3613 1256 3666 p.
1267 3598 1408 3652 LXXXIV
1491 3593 1492 3642 l

259 3695 294 3734 ex
312 3677 392 3732 unius
411 3675 513 3732 codicis
534 3676 650 3730 lectione
672 3671 761 3744 ὅρκοις
777 3678 935 3730 maldeveus
951 3675 988 3746 μὴ
1007 3677 1130 3732 πιστεύει
1146 3677 1294 3751 μσλάτειαν
1318 3682 1408 3738 elicuII

514 3755 528 3774 t!

259 3778 384 3818 uersum:
513 3776 600 3832 ορκοιε
617 3759 766 3813 πείθουσιν
782 3761 820 3828 μὴ
838 3759 991 3827 πιστεύειν,
1010 3759 1159 3828 Γαλάτεια,

258 3855 335 3904 estne
353 3847 485 3916 repetitus
503 3860 536 3901 ex
553 3843 736 3900 Alexandrino
754 3844 845 3912 aliquo
863 3846 997 3915 carmine,
1020 3848 1049 3902 iu
1067 3864 1119 3917 quo
1138 3849 1253 3919 Cyclops
1278 3864 1314 3905 ne
1331 3848 1407 3905 Acidi

259 3932 383 3988 erederet
400 3931 528 3989 monebat
547 3930 706 3986 Galateam?
734 3925 770 3984 cl.
781 3928 888 3984 Nauck.
898 3935 967 3999 trag.
977 3931 1011 3986 fr.
1023 3934 1115 4001 adesp.
1127 3937 1185 3988 413.
