3028 4672
430 279 473 334 De
491 279 655 350 Polyphemo
673 285 701 336 et
719 280 841 336 Galatea.
1153 280 1214 341 205

76 455 107 519 ef.
128 453 287 520 Rohdium
310 452 352 519 de
373 453 437 518 fab.
453 453 545 517 Rom.
562 453 675 520 Graec.
697 474 729 537 p.
746 457 805 518 160
828 452 936 519 adnot.
954 456 972 517 3
1003 458 1035 518 et
1057 472 1137 536 quos
1159 454 1215 520 ille

75 555 174 622 laudat
200 556 312 622 Heius.
334 553 378 620 ad
399 553 459 620 On.
474 561 533 620 art.
549 561 645 620 amat.
668 555 787 637 1,244;
816 553 935 638 Bergk.
960 573 1072 620 comm.
1088 553 1131 620 de
1145 556 1215 620 rell.

74 677 144 723 eom.
159 658 224 722 Att.
241 662 305 722 ant.
328 677 360 740 p.
374 658 425 739 31,
448 658 504 739 qni
525 656 642 724 docent
662 656 767 722 solere
789 657 901 722 uinum
915 656 1034 722 Veneri
1055 655 1215 722 accedens

74 759 132 843 πῦρ
147 753 204 822 ἐπὶ
219 761 303 840 πυρί
326 751 437 840 l‘ignis
456 759 489 823 in
505 747 594 841 igne’
620 756 728 834 Ouid.)
751 757 824 823 dici.
861 757 1012 824 Fortasse
1034 757 1131 823 etiam
1154 757 1215 843 Gy-

74 861 150 944 clopi
171 861 282 926 uinum
297 858 446 925 ardorem
461 859 581 924 amoris
595 860 695 925 anxit.
732 859 784 924 An
806 858 847 925 de
869 878 978 926 amore
1000 860 1129 925 omnino
1151 881 1216 926 non

73 961 284 1045 cogitandum,
311 961 369 1027 sed
393 979 435 1025 ex
456 957 667 1026 similitudine
690 981 816 1046 eorum,
847 979 929 1046 quae
952 959 1032 1026 dicit
1053 961 1215 1045 Polyphe-

72 1083 135 1130 mus
151 1064 260 1147 Eurip.
277 1083 307 1128 u.
320 1064 383 1127 683
406 1067 503 1145 eaput
522 1063 595 1144 rupi
617 1063 762 1129 illidens:
784 1060 884 1128 κακόν
898 1085 935 1147 γε
950 1058 1037 1145 πρὸς
1051 1063 1150 1147 κακῷ,
1173 1063 1216 1129 ad

73 1166 146 1231 illud
166 1165 373 1250 prouerbium
394 1163 520 1246 aliquid
548 1163 774 1248 repetendum,
804 1166 851 1232 ita
872 1170 907 1230 ut
930 1161 1031 1240 ὄαλός
1055 1165 1216 1249 possimus

72 1268 194 1351 propria
215 1265 450 1350 significatione
473 1265 620 1348 accipere
647 1267 734 1342 (Eur.
756 1285 787 1331 u.
805 1267 1004 1350 dbbsaep.)?
1031 1303 1072 1312 -—
1102 1267 1216 1350 Neque

71 1369 217 1435 adsentiri
238 1386 408 1452 possumus
423 1366 673 1432 Wilamowitnio
696 1367 729 1431 in
751 1367 861 1431 Herm.
884 1369 947 1433 uol.
960 1368 1038 1434 XIV
1052 1390 1084 1453 p.
1099 1372 1159 1432 172
1168 1389 1216 1453 sq.

72 1470 268 1537 frustulorum
296 1469 431 1535 duorum
460 1469 525 1532 iam
553 1487 574 1533 a
602 1466 763 1550 Schottio,
794 1467 939 1534 Senecae
970 1468 1110 1552 editore,
1139 1470 1217 1535 Phi·

71 1572 179 1637 loxeno
194 1571 419 1637 attributorum
434 1571 622 1635 memoriam
637 1571 814 1651 renouanti,
839 1588 1033 1653 quamquam
1055 1590 1120 1635 non
1143 1591 1216 1636 oon-

71 1674 195 1740 tradixit
217 1672 387 1739 Eduardus
402 1672 508 1737 Hiller
522 1675 543 1748 ¹)
566 1673 600 1735 in
621 1672 727 1736 annal.
744 1670 836 1736 Burs.
862 1671 940 1734 1881
966 1672 983 1736 I
1004 1690 1036 1753 p.
1051 1673 1122 1735 134.
1154 1672 1215 1737 Lc-
1271 1703 1274 1708 ·

70 1782 178 1856 guntur
193 1776 278 1841 enim
293 1773 381 1858 apud
397 1772 510 1839 Seneo.
523 1792 606 1838 suas.
619 1773 644 1856 Ι,
660 1776 698 1836 12
721 1772 817 1838 hacc:
838 1765 1134 1855 ‘Corruptissimam
1149 1792 1217 1838 rem

71 1879 201 1943 omnium
224 1896 307 1961 quae
329 1894 482 1958 umquam
511 1874 617 1940 dictae
647 1881 734 1959 sunt,
764 1894 805 1940 ex
836 1894 898 1958 quo
927 1873 1074 1941 homines
1104 1874 1217 1963 diserti

70 1978 202 2045 insanire
225 1983 407 2062 coeperunt,
430 1976 588 2060 putabant
605 1977 757 2044 Dorionis
780 1996 851 2043 esse
874 1977 907 2041 in
929 1974 1127 2059 metaphrasi
1150 1975 1217 2043 die-

70 2085 130 2144 tam
144 2081 285 2163 Homeri,
308 2100 379 2146 cnm
396 2083 587 2144 excaecatus
602 2078 743 2162 Cyclops
759 2098 872 2144 saxum
886 2077 920 2141 in
934 2095 1023 2141 mare
1038 2077 1172 2142 reiecit.
1187 2125 1194 2140 .
1209 2125 1216 2141 .

73 2182 136 2260 (lac.
152 2184 234 2267 sign.
254 2182 304 2247 W.
321 2180 472 2265 Mueller,
501 2179 538 2246 0.
554 2180 723 2256 Ribbeck).
767 2180 859 2245 Haeo
887 2176 1048 2261 quomodo
1077 2196 1118 2242 ex
1148 2197 1215 2243 eor-

70 2286 164 2367 ruptis
186 2304 226 2351 eo
248 2282 447 2368 perueniant,
471 2286 506 2347 ut
528 2288 560 2347 et
581 2302 699 2366 magna
721 2287 753 2347 et
775 2286 883 2346 tamen
905 2299 984 2345 sana
1006 2279 1084 2362 sint,
1107 2279 1217 2345 aiebat

71 2384 232 2452 Maecenas
254 2384 342 2468 apud
363 2383 542 2466 Vergilium
562 2382 708 2466 intellegi
730 2401 836 2465 posse.
881 2379 1055 2447 Tumidum
1078 2387 1127 2448 est

267 2478 363 2566 ὄρεος
385 2477 463 2569 ὅρος
486 2475 686 2548 ἀποσπᾶται

71 2585 224 2672 Vergilius
247 2586 325 2670 quid
346 2585 416 2652 ait?
445 2587 531 2670 rapit

267 2685 354 2753 haud
377 2692 502 2771 partem
525 2688 676 2770 exiguam
697 2685 813 2752 montis
836 2685 927 2764 (Aen.
943 2687 985 2771 X,
999 2689 1082 2765 128).

71 2789 114 2855 lta
128 2810 146 2855 a
161 2788 382 2874 magnitudine
397 2787 545 2872 discedit,
568 2794 680 2854 utnon
695 2787 916 2872 imprudenter
931 2789 1078 2856 discedat
1099 2811 1119 2855 a
1140 2787 1216 2855 fide.

72 2889 121 2956 Est
140 2890 284 2957 inflatum

268 2993 323 3056 καὶ
345 2994 460 3076 καίρια
480 2988 641 3074 βάλλεται
663 2994 794 3078 νῆσσος.

74 3093 224 3178 Vergilius
248 3094 326 3179 quid
347 3093 417 3160 ait?
449 3095 505 3175 qui
527 3094 569 3161 de
590 3095 727 3161 nauibus

421 3193 534 3260 credas
557 3196 669 3260 innare
690 3196 835 3260 reuolsas

422 3294 582 3379 Cycladas
605 3297 696 3370 (Aen.
709 3295 795 3377 VIII,
808 3295 892 3371 691).

72 3396 138 3464 Non
159 3399 239 3466 dicit
262 3397 324 3464 hoo
345 3394 432 3481 fieri,
461 3396 519 3464 sed
548 3395 663 3463 uideri.
708 3396 861 3480 Propitiis
889 3396 1020 3463 auribus
1049 3396 1216 3481 accipitur,

72 3502 210 3579 quamuis
238 3497 428 3564 incredibile
450 3504 514 3583 est,
543 3497 629 3581 quod
653 3504 839 3581 excusatur,
870 3503 1042 3581 antequam
1071 3488 1216 3565 dicitur'.

72 3598 133 3665 lam
142 3601 407 3668 Wilamowitzius
422 3601 576 3666 librorum
591 3601 783 3683 scripturam
797 3599 961 3663 KEIPIA
977 3604 1087 3682 χειρία
1104 3601 1217 3686 legens

72 3693 191 3770 dorioos
213 3722 363 3800 numeros
384 3702 533 3786 procudit
554 3702 629 3769 hos:

111 3798 223 3888 οὔρεος
245 3801 342 3889 οὖρος
365 3794 567 3870 ἀποσπᾶται
588 3804 644 3869 καὶ
663 3807 774 3885 χειρία
789 3799 957 3868 Βάλλεται
980 3803 1128 3878 νᾶσος..
1147 3850 1154 3865 .
1173 3850 1180 3865 .

155 4028 176 4089 l)
193 4023 269 4077 Idem
285 4021 315 4076 in
332 4021 396 4076 edit.
409 4020 457 4075 1v.
476 4018 529 4088 lrg.
542 4021 591 4090 lyr.
605 4021 651 4076 Gr.
671 4036 727 4076 non
743 4021 856 4090 recepit.
