2998 4674
422 246 464 300 De
480 245 646 315 Polyphemo
663 249 691 300 et
708 246 830 301 Galatea.
903 211 905 216 Ι
1137 247 1197 305 243

55 424 175 501 paratus
200 423 309 482 totum
332 417 441 484 odium
464 419 497 482 in
519 419 838 502 matremtransfert,
869 437 951 500 quae
976 439 1040 483 non
1068 418 1200 486 adiuuet

37 541 83 606 ¹se
103 521 257 603 quamuis
282 520 499 585 sollicitatum.

127 623 222 688 Haec
259 629 311 688 est
344 643 468 689 summa
499 623 649 688 carminis
679 622 833 706 Cyclopei
865 621 1043 705 eademque
1076 643 1200 690 summa

54 725 146 790 omnis
169 727 320 790 eroticae
343 725 530 791 cantilenae.
574 725 713 790 Auditur
735 745 811 791 uero
833 745 891 808 per
920 724 1003 790 hanc
1029 727 1199 791 sententia-

53 848 113 890 rum
135 828 261 893 seriem
284 829 422 911 repetita
443 827 634 909 querella
655 826 697 893 de
716 829 888 911 asperitate
904 827 1069 910 Galateae,
1092 829 1142 892 cui
1166 829 1199 892 in

53 931 223 1010 posteriore
241 929 394 995 carminis
408 936 500 1012 parte
520 928 694 1012 respondet
715 930 907 994 inuitatio
929 926 1083 994 desiderii
1104 931 1201 1013 plena

54 1051 104 1096 nec
125 1038 238 1098 tamen
261 1029 480 1116 persuadendi
502 1032 536 1096 ui
557 1030 720 1114 praedita:

90 1135 292 1215 querella:
321 1133 379 1215 XI,
394 1134 447 1196 19:

172 1220 200 1298 ὦ
227 1231 330 1298 λευκὰ
347 1231 523 1314 Γαλάτεια,
545 1238 580 1298 τί
601 1231 659 1300 τὸν
682 1226 831 1320 φιλέοντ’
857 1227 1095 1320 &rusticium

55 1339 148 1402 uid:
173 1337 282 1423 οἴχῃ.
321 1341 377 1402 24;
404 1335 581 1424 φεύγεις.
619 1340 675 1402 29ε
703 1338 768 1401 τὶν
791 1329 822 1400 d'
849 1329 893 1402 οὗ
916 1336 1050 1419 μέλει,
1081 1329 1201 1420 oduei

54 1436 118 1517 Δί’,
147 1431 280 1504 οὐδέν
309 1459 419 1506 uersus
442 1441 586 1506 clausula
607 1441 842 1506 renuntiantem
863 1439 1007 1506 dolorem
1034 1440 1202 1507 commode

57 1543 274 1634 exprimente3
296 1562 326 1607 u.
344 1544 399 1606 30:
423 1534 603 1628 φεύγεις.

16 1687 17 1718 2
90 1645 307 1710 inuitatio:
328 1664 359 1708 u.
375 1647 432 1708 42:
456 1635 529 1707 ἀλλ’
554 1634 703 1729 ἆφικεα
725 1639 765 1705 rd
788 1634 879 1706 ποθ’
903 1636 967 1724 ἁμέ
988 1648 1048 1708 eto.
1154 1647 1158 1660 “

16 1987 18 2018 l

16 2039 17 2056 l

58 1764 100 1810 uu.
115 1749 155 1810 63
168 1767 237 1830 sq:
269 1742 467 1822 ἐξένθοις
489 1738 657 1810 Γαλάτεια
678 1745 733 1809 καὶ
756 1741 933 1820 ἒξενθαῖσα
955 1742 1080 1809 iddare

268 1839 382 1932 ὥσπερ
405 1845 469 1933 ἐγώ
492 1850 548 1913 νῦν
571 1839 637 1912 ὦδε
657 1845 848 1940 καθήμενος
869 1839 981 1913 οἴκαδ’
1001 1840 1174 1914 ἀπειθεῖν.

59 1950 116 2016 Νεε
137 1954 249 2018 minus
272 1952 442 2018 manifesto
464 1951 617 2018 desiderii
640 1970 785 2017 crescens
813 1952 909 2019 ardor
937 1954 1130 2036 conspicitur
1153 1972 1202 2035 eo,

16 2065 18 2146 ζ
60 2054 134 2133 quod
156 2057 233 2139 ipsa
257 2055 460 2120 allocutionis
481 2055 618 2120 formula
639 2055 743 2137 magis
765 2056 932 2138 magisque
960 2054 1126 2151 blanditiis
1156 2056 1202 2119 in-

16 2151 18 2160 ’
61 2156 190 2222 uoluitur
213 2158 256 2224 cf.
272 2157 371 2221 uae:
394 2153 489 2240 κόρα,
514 2159 568 2221 30:
587 2159 749 2238 χαρίεσσα
764 2153 860 2240 κόρα,
884 2159 940 2220 6οε
964 2151 1128 2236 deducor.
1166 2158 1203 2221 In

60 2261 223 2340 propatulo
249 2263 313 2343 est,
343 2279 439 2341 quam
462 2258 621 2324 subtiliter
643 2255 832 2324 Theocritus
859 2258 1040 2324 bucolicum
1064 2260 1204 2325 colorem

62 2362 87 2420 et
105 2363 303 2443 pastoralem
332 2367 478 2426 naturam
506 2358 707 2425 denotaberit
728 2359 935 2444 Polyphemi,
965 2362 1019 2443 qui
1050 2362 1203 2426 orationis

62 2472 242 2531 ornamenta
262 2453 326 2530 n'on
348 2461 479 2528 aliunde
500 2463 582 2546 petit
604 2480 699 2543 quam
722 2481 740 2526 e
762 2464 831 2527 uita
857 2483 932 2547 sua,
954 2465 1056 2530 ueluti
1085 2465 1204 2531 similia

63 2560 95 2623 ef.
114 2566 210 2650 ldsq.
228 2570 281 2631 24.
298 2568 355 2650 39,
378 2567 467 2632 onius
489 2564 698 2631 rusticitatem
720 2563 867 2630 diuinare
889 2567 992 2649 magis
1015 2569 1084 2632 uult
1106 2573 1203 2651 poeta

62 2661 198 2752 lectores,
224 2689 322 2752 quam
343 2668 456 2735 uidere
476 2703 518 2714 -
540 2666 603 2732 hac
624 2667 657 2731 in
678 2686 713 2732 re
735 2667 777 2732 ab
800 2668 1013 2734 imitatoribus
1035 2675 1102 2738 toto
1126 2670 1203 2735 orbe

64 2761 208 2837 diuersus.
255 2771 391 2855 Propria
412 2777 461 2838 est
483 2769 646 2836 Theocriti
668 2769 787 2852 uirtus,
814 2770 900 2852 quod
922 2771 1065 2854 singulas
1087 2791 1138 2837 res
1161 2769 1203 2835 ad

17 2927 18 2934 ,
64 2863 229 2952 imaginem
246 2872 398 2957 Cyclopis
421 2871 682 2938 conformandam
704 2877 999 2956 spectantes,·quas
1021 2893 1139 2956 magna
1162 2891 1203 2936 ex

65 2977 144 3046 nane
158 2995 179 3040 a
193 2977 355 3059 prioribus
370 2976 476 3058 poetis
490 2979 669 3060 acceperat,
691 2994 749 3040 suo
772 2993 848 3040 usus
870 2975 972 3058 polito
995 2973 1116 3040 indicio
1138 2973 1203 3039 ele·
1231 3027 1233 3032 .

66 3076 207 3159 gentique
229 3079 352 3162 ingenii
373 3077 548 3143 subtilitate
570 3097 656 3144 nouo
677 3076 785 3141 colore
807 3075 911 3140 induit
940 3081 972 3142 et
1002 3075 1044 3140 ad
1072 3074 1203 3158 lepidae

66 3178 176 3252 speciei
191 3179 398 3248 concordiam
421 3182 626 3247 consociauit.
664 3177 738 3244 Non
761 3197 871 3244 omnes
893 3176 1042 3245 flosculos
1064 3176 1107 3242 ad
1129 3197 1204 3243 auc-

67 3277 141 3345 tores
161 3285 282 3350 referre
304 3303 488 3368 possumus;
511 3282 553 3348 de
573 3280 735 3347 nonnullis
757 3272 822 3344 iarn
846 3280 1000 3344 monitum
1022 3285 1088 3362 est;
1110 3299 1204 3362 prae-

68 3375 151 3460 tipue
164 3404 243 3452 uero
258 3386 350 3470 larga
368 3386 519 3470 exempla
540 3389 656 3470 poetae
678 3381 870 3465 suppetiisse
893 3382 1061 3466 opinamur
1082 3383 1115 3446 in
1137 3403 1204 3446 nru-

68 3483 185 3552 neribus
201 3507 283 3570 quae
298 3494 422 3554 amator
436 3487 530 3554 offert
543 3483 708 3571 nymphae
726 3483 940 3567 depingendis
963 3503 1004 3548 ex
1027 3484 1205 3568 comoedia,

69 3582 158 3652 ueluti
180 3591 219 3655 ci.
234 3590 409 3676 Antiphan.
424 3591 461 3654 fr.
473 3589 516 3673 Π,
539 3607 580 3655 ex
596 3607 659 3671 quo
675 3606 859 3670 cognosces,
882 3606 979 3670 quern
1000 3594 1093 3655 caute
1112 3589 1204 3654 scite-

71 3698 123 3760 que
144 3689 332 3759 Theocritus
354 3712 413 3758 sua
434 3691 495 3758 sibi
518 3691 659 3774 elegerit.

144 3791 227 3860 Male
253 3795 317 3860 fors
346 3795 434 3876 tulit,
463 3793 549 3876 qnod
578 3813 662 3859 nunc
687 3791 816 3858 demum
838 3791 994 3859 Galateae
1021 3810 1159 3875 persona
1187 3807 1205 3854 e

73 3887 199 3962 tenebris
219 3897 328 3980 prodit
355 3894 606 3961 distinoticribus
634 3895 838 3961 lineamentis
867 3894 1065 3961 adumbrata.
1083 3976 1088 3986 Ι
1109 3891 1207 3974 Fugit

72 4002 130 4075 110s,
151 3999 277 4077 qualem
293 3997 491 4062 Philoxenus
506 3997 683 4078 comicique
697 4003 815 4080 poetae
829 3995 1206 4122 finxerint,*quamquam

952 4096 984 4145 16
