3028 4672
287 287 348 345 162
607 303 608 312 ’
651 283 782 352 Georgius
799 281 934 338 Ricardus
950 281 1068 337 Holland

286 458 374 544 apud
396 457 583 539 Euripidem
606 477 658 524 uu.
676 459 813 538 418sq.:
886 454 1027 540 φίλτατε
1051 452 1168 534 ξένων,

328 555 452 625 καλὸν
474 553 518 622 τὸ
543 557 666 638 πῶμα
687 555 779 621 δαιτὶ
800 552 888 641 πρὸς
909 554 992 641 καλῇ
1013 553 1123 630 δίδως.

286 663 416 729 Diutius
437 665 599 726 uersatum
623 678 694 726 esse
716 664 847 742 poetam
868 659 901 724 in
923 656 1116 742 Polyphemi
1146 657 1326 722 uinulentia
1349 676 1440 722 exor-

285 765 394 831 nanda
422 761 519 829 facile
541 759 700 827 credimus
723 759 864 844 Bergkio
886 760 907 824 l.
920 760 940 824 l.
964 778 996 842 p.
1010 761 1087 842 158,
1119 777 1315 842 quamquam
1344 779 1442 824 causa

286 872 350 950 est,
373 885 430 930 cur
450 865 487 929 tr.
503 865 578 926 141:

328 967 369 1052 τῆ
391 967 447 1029 νῦν
469 960 547 1029 τόδε
569 965 654 1027 πῖθι
677 959 789 1045 λαβὼν
809 954 871 1047 ἤδη
896 961 952 1026 καὶ
976 953 1121 1042 τοῦνομά
1143 952 1181 1042 μ’
1207 951 1309 1036 εὐθὺς
1332 957 1442 1045 ἐρώτα

285 1089 350 1134 nou
378 1067 603 1148 intellegamus
632 1064 673 1131 de
695 1064 793 1131 Ulixe
819 1064 888 1128 nini
916 1064 1067 1148 poculum
1087 1062 1224 1147 Uyclopi
1251 1062 1442 1148 praebente,

285 1175 321 1235 ut
335 1172 529 1251 acceperunt
544 1166 795 1248 fragmentorum
810 1163 960 1230 editores.
993 1163 1079 1228 Nam
1101 1165 1128 1230 si
1151 1165 1188 1228 fr.
1203 1166 1263 1229 135
1287 1170 1375 1230 recte
1394 1165 1443 1229 illi

286 1289 422 1336 scaenae
445 1268 631 1334 attributum
653 1272 711 1351 est,
739 1267 924 1350 permirum,
948 1265 1035 1348 quod
1057 1271 1123 1331 tam
1143 1265 1236 1333 breui
1258 1267 1442 1349 interuallo,

286 1376 405 1455 quanto
421 1375 544 1437 secreta
562 1369 661 1435 tuisse
676 1368 795 1434 debent
817 1366 898 1432 haec
919 1367 1064 1450 frustula,
1087 1372 1223 1434 metrum
1245 1367 1442 1434 immutatur.

285 1474 327 1538 Ilt
350 1492 445 1555 quam
474 1471 610 1554 frigidus
639 1472 729 1537 iocus
757 1470 863 1554 ipsum
885 1468 1018 1536 Ulixem
1045 1469 1179 1536 incitare
1202 1467 1443 1553 Polyphemum

285 1575 329 1640 ad
351 1593 468 1640 nomen
490 1572 728 1655 sciscitandum,
751 1573 900 1636 nimirum
923 1576 958 1635 ut
980 1589 1077 1652 quam
1099 1571 1266 1636 celerrime
1288 1572 1445 1654 aenigma

240 1718 244 1725 -
286 1677 351 1742 iam
367 1676 423 1742 din
438 1680 665 1758 praeparatum
680 1673 830 1757 promat?
864 1671 968 1750 Quam
986 1672 1100 1738 urbani
1119 1672 1204 1738 sales
1226 1673 1260 1736 in
1274 1671 1446 1737 Welckeri

284 1778 305 1842 l.
318 1778 339 1841 l.
361 1797 393 1860 p.
407 1778 469 1840 324
492 1773 744 1859 explicationes
768 1794 884 1857 magno
909 1774 1032 1839 comico
1055 1773 1148 1839 unice
1171 1772 1287 1856 digna,
1310 1775 1368 1856 qui
1390 1794 1444 1840 re·

285 1877 348 1942 fert
369 1895 497 1942 uersum
519 1874 563 1939 ad
584 1877 689 1958 ipsam
704 1875 932 1957 caecationem,
955 1893 1027 1940 cum
1043 1875 1158 1942 Ulixes
1174 1875 1366 1940 candentem
1386 1876 1444 1941 sti-

284 1977 386 2061 pitem
402 1974 494 2042 oculo
510 1975 669 2059 impingit.
704 1974 759 2041 Sic
774 1975 895 2058 optime
918 1975 1148 2060 intelleguntur
1169 1976 1269 2042 uerba
1290 1969 1444 2058 τοῦνομά

285 2069 323 2160 μ’
344 2067 446 2151 εὐθὺς
468 2072 592 2162 ἐρώτα,
623 2076 775 2159 quoniam
797 2081 873 2142 tunc
894 2095 1005 2142 uerum
1028 2096 1145 2143 nomen
1167 2078 1369 2161 professurus
1394 2086 1447 2146 est

286 2199 386 2248 saeua
405 2179 531 2245 laetitia
549 2177 749 2261 Laertiades,
770 2178 961 2262 praesertim
983 2179 1012 2244 si
1034 2178 1201 2245 statuimus
1223 2181 1445 2263 praecessisse

285 2284 322 2347 tr.
339 2282 409 2364 136,
435 2299 495 2346 nco
517 2279 621 2346 minus
643 2280 762 2347 acerba
782 2280 886 2346 ironia
908 2280 965 2346 illa
988 2277 1100 2362 λαβὼν
1121 2273 1183 2366 ἤδη
1208 2300 1251 2347 sc.
1273 2282 1387 2348 uiuum
1410 2291 1446 2350 et

284 2380 364 2448 τόδε
385 2401 429 2449 so.
452 2381 515 2446 hoc
536 2381 662 2448 ninum:
686 2383 793 2467 ignem
815 2381 1026 2467 proferuntur.
1063 2381 1170 2465 Atque
1190 2389 1442 2450 consentaneum

287 2490 336 2552 est
351 2503 390 2550 ca
405 2487 497 2567 parto
512 2483 643 2550 fabulae
657 2486 742 2551 uiuis
762 2484 922 2551 coloribus
946 2482 1108 2565 depictam
1130 2483 1229 2550 fuisse
1245 2485 1443 2570 Polyphemi

285 2585 456 2667 luxuriam,
474 2602 538 2665 qua
549 2583 665 2651 Ulixes
681 2604 760 2668 quas
774 2583 916 2648 lautitias
931 2584 965 2648 in
979 2584 1073 2667 uagis
1089 2585 1249 2652 erroribus
1264 2587 1444 2654 inuenisset

286 2687 317 2753 ei
343 2686 444 2752 fusius
474 2686 674 2769 exponebat,
705 2688 732 2752 si
760 2704 838 2751 uera
866 2691 915 2751 est
936 2685 1100 2752 Welckeri
1128 2688 1313 2754 coniectura
1340 2689 1443 2756 fuisse

286 2787 409 2855 Oratini
438 2786 639 2852 comoediam
670 2785 849 2871 Odysseam
879 2786 1040 2869 quandam
1070 2789 1266 2854 colinariam.
1311 2789 1382 2855 Iam
1413 2792 1444 2857 si

287 2897 452 2958 artemam
467 2894 650 2973 spectamus
665 2886 858 2972 Polyphemi
878 2889 1020 2972 speciem
1035 2890 1164 2972 qualem
1179 2892 1350 2957 exornauit
1364 2891 1442 2958 (tra-

203 3079 214 3085 ,
285 2995 380 3076 tinus,
403 3010 502 3057 unum
522 2991 650 3058 oculum
672 2990 703 3055 ei
723 2989 929 3072 adsignatum
951 2990 1126 3058 secundum
1140 2991 1274 3059 Homeri
1296 2991 1442 3078 descrip-

284 3097 405 3161 tionem
420 3099 557 3179 apparet
571 3113 614 3159 ex
628 3092 665 3157 fr.
680 3093 755 3156 149:
778 3090 898 3176 Phryn.
915 3092 974 3158 eol.
997 3112 1028 3177 p.
1039 3095 1099 3158 136
1114 3093 1151 3160 L.
1167 3096 1209 3178 (p.
1223 3097 1285 3158 209
1301 3094 1441 3160 Ruther·

284 3196 378 3271 ford.)
408 3191 656 3280 μονόφθαλμον
678 3185 716 3259 οὗ
740 3193 872 3280 ῥητέον,
901 3190 1158 3280 ἑτερόφθαλμον
1182 3193 1229 3260 δέ.
1273 3200 1442 3282 Κρατῖνος

285 3291 347 3379 γὰρ
370 3293 585 3377 μονόμματον
602 3290 677 3360 εἷπε
698 3293 757 3362 τὸν
771 3293 943 3361 Κύκλωπα
954 3297 988 3374 ²).
1019 3296 1068 3362 Ae
1090 3297 1218 3363 uidetur
1240 3317 1282 3364 ex
1303 3299 1442 3364 ineerta·

283 3429 489 3440 ...-.---—---

374 3513 398 3573 1)
422 3509 494 3564 Prae
519 3525 573 3578 qus
600 3511 713 3567 sordent
737 3512 910 3570 Heruerdeni
935 3518 963 3568 et
988 3512 1091 3569 Nsbcri
1118 3513 1260 3579 (Mnemos.
1276 3513 1310 3569 N.
1328 3513 1355 3568 S.
1371 3514 1440 3570 VIII

285 3613 312 3667 p.
331 3599 364 3648 24
374 3597 426 3664 sq.)
449 3593 569 3648 medelae
592 3610 648 3650 non
671 3597 739 3652 satis
762 3599 862 3652 acriter
884 3597 1020 3653 refutatae
1038 3612 1055 3653 a
1073 3612 1184 3652 censore
1201 3597 1230 3650 in
1248 3597 1327 3653 Burs.
1346 3602 1437 3655 annal.

288 3684 354 3736 isso
370 3680 384 3732 1
402 3695 429 3748 p.
442 3683 489 3734 trs
506 3678 598 3734 adnot.
612 3685 635 3734 1.
1162 3719 1165 3726 .

373 3767 399 3830 2)
416 3761 491 3818 Nihil
511 3765 631 3819 curanda
647 3763 802 3820 testimonis
813 3763 914 3820 Fauor.
928 3765 1108 3835 Moschopuli‚
1126 3781 1210 3834 gram
1222 3766 1251 3820 in
1263 3766 1353 3836 Etym.
1366 3767 1434 3824 (iud.

285 3866 313 3918 p.
325 3852 383 3916 635,
394 3853 423 3914 9,
442 3846 488 3917 qui
505 3846 599 3902 dicunt
616 3849 755 3903 Cratinum
772 3845 975 3918 μονόφθαλμον
993 3851 1105 3918 dixisse;
1123 3866 1185 3905 nam
1202 3857 1277 3904 recte
1293 3850 1347 3905 ium
1365 3852 1437 3908 Pau·

285 3935 353 3989 wius
372 3933 417 4004 (ci,
430 3931 498 3986 Lob.
514 3947 536 3986 s.
546 3935 585 3998 u.)
602 3934 741 4002 perspexit
758 3933 916 4002 exquisitius
935 3935 1098 3991 uocabulum
1116 3950 1176 3989 csse
1192 3934 1382 4003 μονόμματον,
1406 3953 1437 3993 oo

286 4019 395 4073 uidetur
411 4013 611 4087 μονόφθαλμος
634 4022 665 4071 ut
689 4034 787 4086 prosae
805 4019 922 4074 orationi
939 4020 1028 4089 aptius
1051 4019 1081 4074 in
1101 4019 1337 4088 grammaticorum
1356 4019 1438 4084 λέξεις
