2998 4674
274 203 334 262 236
635 202 765 272 Georgius
783 202 916 258 Ricardus
934 203 1051 258 Holland

273 398 337 444 nen
351 379 450 444 uitam
466 383 501 442 ut
515 379 582 461 alii,
606 378 664 444 sed
685 378 916 460 aliquantulum
939 377 1059 444 doloris
1081 413 1122 422 -
1146 377 1264 444 stolido
1288 400 1327 446 ae
1349 401 1417 466 por·
1485 459 1486 464 .

274 485 398 546 tentoso
413 481 483 546 uiro
499 480 641 564 dignum.
675 481 742 546 Sed
756 501 820 545 non
835 481 938 547 solum
953 482 1109 546 auxilium
1123 482 1156 545 in
1171 502 1292 566 amore,
1311 503 1419 548 uerum

274 584 370 648 etiam
392 583 570 649 remedium
591 589 700 650 contra
714 584 848 650 Veneris
869 588 1062 666 potestatem
1086 585 1287 666 quaesiuiese
1309 592 1419 668 putan-

273 684 333 752 dus
362 692 410 751 est
437 684 671 771 Polyphemus,
702 688 730 752 si
753 680 889 769 quidem,
911 685 1063 752 fatidicae
1091 707 1171 752 anus
1193 685 1420 771 Κοτυταρίὸος

273 787 316 852 id.
330 788 382 872 VI,
395 791 435 851 40
458 789 683 871 obsequiosum
705 807 740 854 se
762 787 895 871 praebet
917 788 1137 854 consultorem.

356 891 426 956 Iam
440 890 688 973 animaduertes,
712 894 908 972 quantopere
923 911 1011 955 amor
1026 889 1201 956 diffluxerit
1215 892 1352 975 impium
1374 913 1419 958 re·

272 995 428 1077 ligionum
443 998 702 1077 contemptorem.
740 990 843 1068 Quem
859 991 946 1075 apud
961 992 1134 1058 Homerum
1156 993 1296 1060 uidimus
1310 995 1420 1060 Iouem
1487 1057 1488 1064 ,

273 1096 519 1180 despicientem,
549 1094 637 1178 apud
659 1092 846 1178 Euripidem
871 1093 958 1162 Iouis
979 1095 1100 1161 fulmen
1127 1094 1221 1160 nihili
1249 1098 1419 1163 aestiman-
1487 1163 1488 1169 ,

273 1205 337 1264 tem
352 1216 412 1262 nee
427 1195 560 1263 deorum
576 1216 672 1281 supra
693 1217 728 1263 se
748 1199 923 1280 potentiam
946 1203 1181 1283 agnoscentem,
1205 1199 1419 1283 importunam

271 1298 512 1384 philosophiam
541 1321 600 1383 pro
628 1319 706 1365 uera
734 1299 968 1383 uenditantem,
1004 1299 1151 1367 credulus
1185 1302 1289 1367 euasit
1323 1322 1419 1386 sagae
1487 1335 1488 1344 κ

272 1403 480 1468 mulierculae
502 1402 663 1484 alumnuS,
694 1403 749 1484 qui
771 1402 1014 1469 fascinationem
1036 1403 1210 1487 repercutit
1236 1406 1419 1470 tutamentis

272 1506 305 1570 in
327 1507 384 1571 tali
406 1505 476 1570 uiro
500 1506 596 1570 etiam
617 1504 720 1588 magis
747 1503 891 1570 ridiculis
920 1504 1023 1588 idem,
1055 1505 1110 1587 qui
1139 1505 1226 1588 apud
1247 1505 1419 1588 Synesium
1487 1543 1488 1583 ;

272 1604 407 1692 ἐπῳδάς
429 1608 502 1673 illas
525 1613 557 1673 et
578 1604 804 1687 καταδέσμους
820 1613 852 1672 et
866 1604 1070 1690 κατανάγκας
1085 1613 1117 1673 et
1132 1603 1246 1690 ἴυγγας
1261 1607 1418 1675 caehinno
1487 1657 1488 1665 ἶ

272 1711 397 1776 sublato
413 1715 610 1793 aspernatur.
643 1709 713 1774 Nec
728 1708 855 1774 uidetur
870 1709 995 1774 Telemi
1011 1710 1173 1775 oraculum
1194 1731 1324 1794 prorsus
1347 1734 1418 1779 con·
1487 1745 1488 1756 κ

272 1818 414 1877 temnere
443 1811 550 1876 statim
579 1811 647 1876 eius
677 1831 800 1876 memor
828 1812 920 1877 unius
950 1813 1034 1878 oculi
1064 1813 1225 1878 mentione
1252 1814 1340 1880 facta
1366 1816 1418 1898 VI,
1487 1859 1488 1890 ,

272 1915 312 1975 22
325 1931 395 1995 sqq.
431 1910 580 1978 Ceterum
596 1913 704 1977 omnia
724 1915 862 1997 uestigia
884 1914 970 1979 illius
993 1913 1165 1998 impietatis
1180 1915 1418 1984 Alexandrinus
1487 1955 1488 1993 3

270 2021 368 2100 poeta
396 2020 489 2080 eante
518 2016 655 2080 remouit
682 2036 703 2080 a
731 2014 947 2100 descriptione
975 2016 1185 2100 Polyphemi,
1214 2018 1335 2102 quippe
1366 2021 1418 2102 qui
1487 2058 1488 2097 ³

270 2117 513 2202 potentissimae
536 2118 617 2184 deae
640 2119 774 2203 imperio
797 2118 947 2184 subactus
971 2119 1200 2186 ostenderetur.
1243 2119 1333 2184 Iurat
1362 2141 1417 2204 per
1487 2197 1488 2201 Ἰ

272 2223 382 2287 Pana
403 2227 438 2286 ut
458 2227 568 2304 pastor
589 2220 643 2304 VI,
656 2223 707 2304 21,
729 2240 788 2304 per
808 2221 1040 2313 Apollinem
1061 2221 1180 2303 V1,27,
1202 2242 1260 2305 per
1283 2222 1415 2300 Iouem
1487 2291 1488 2294 ,

272 2325 330 2408 XI,
346 2327 397 2387 29.
435 2322 506 2400 Quo
521 2324 593 2389 loco
607 2343 722 2407 parum
737 2323 940 2390 considerata
957 2323 1080 2389 offensa
1094 2323 1260 2407 Meinekii,
1283 2327 1339 2408 qui
1360 2347 1413 2410 pro
1486 2369 1488 2406 ÷

273 2417 310 2490 οὗ
333 2422 381 2507 μὰ
401 2415 464 2488 At'
485 2426 635 2508 proponit
658 2416 788 2511 οὐδαμᾷ
809 2431 990 2510 propterea,
1014 2425 1101 2508 quod
1120 2418 1219 2492 ‘Iouis
1235 2428 1416 2494 obtestandi
1487 2503 1488 2508 .

272 2528 374 2593 ferma
395 2526 597 2592 Theocriteis
619 2527 800 2611 pastoribus
829 2549 892 2594 non
919 2530 1038 2594 usitata
1066 2526 1120 2593 hie
1145 2534 1233 2595 tanto
1263 2532 1417 2597 maiorem
1487 2571 1488 2577 κ

272 2631 472 2694 mirationem
488 2628 615 2711 habeat,
638 2629 724 2710 quod
740 2629 878 2713 Cyclops
893 2630 963 2694 Ioui
985 2631 1026 2695 sit
1047 2622 1310 2698 infensissimus'.
1346 2633 1418 2698 Non
1487 2652 1488 2713 j

272 2734 357 2800 enim
380 2751 451 2796 raro
474 2732 507 2795 in
528 2750 587 2795 usu
611 2735 660 2796 est
680 2731 817 2797 formula
839 2732 896 2798 illa
917 2732 1109 2816 pastoribus,
1130 2740 1166 2798 ut
1187 2734 1349 2818 Rumpelii
1373 2738 1418 2800 in·
1487 2805 1488 2815 ,

272 2837 336 2902 dex
359 2833 453 2900 docet
474 2833 513 2899 cf.
529 2832 583 2915 IV,
599 2836 647 2896 17.
670 2832 740 2916 VII,
754 2835 803 2898 39.
826 2834 882 2917 IV,
895 2838 944 2898 50.
967 2834 1005 2917 V,
1018 2839 1068 2917 74,
1091 2823 1251 2918 neque'in
1274 2836 1418 2923 Cyclope
1487 2879 1488 2915 ᾗ

271 2940 375 3022 magis
404 2938 500 3019 mira,
533 2936 588 3019 qui
616 2935 704 3018 apud
731 2934 958 3019 Epicharmum
987 2938 1024 3001 fr.
1043 2940 1083 3001 60
1097 2938 1136 3001 A.
1167 2943 1198 3002 ct
1227 2939 1418 3022 Euripidem
1487 2981 1488 2990 .

270 3064 301 3107 u.
315 3043 376 3106 586
400 3061 439 3107 ea
453 3040 559 3122 utitur,
583 3037 641 3104 sed
656 3038 731 3104 inde
747 3038 950 3123 explicanda,
973 3046 1008 3104 ut
1026 3040 1097 3123 ipse
1112 3039 1293 3107 Meinekius
1310 3046 1416 3122 sentit,
1487 3079 1488 3085 .

268 3138 368 3227 ‘quod
383 3143 574 3209 Theocritus
589 3141 724 3226 Cyclopi
739 3142 858 3208 amoris
880 3143 913 3207 ui
934 3143 1020 3208 uicto
1037 3143 1197 3208 mitiorem
1213 3162 1290 3225 erga
1305 3144 1416 3211 Iouem
1487 3215 1488 3222 ,

271 3247 412 3312 animum
428 3235 579 3311 affinxit'.
613 3245 727 3327 Aquae
742 3245 835 3310 timor
851 3243 1012 3328 Cyclopis,
1035 3245 1090 3325 qui
1112 3245 1177 3308 iarn
1194 3245 1282 3328 apud
1298 3247 1415 3314 Home-

269 3368 339 3414 rum
360 3345 535 3430 nauigandi
557 3366 673 3431 expers
696 3353 744 3413 est
772 3347 822 3424 (cf.
845 3345 997 3412 Fritzsch.
1015 3346 1047 3411 in
1065 3346 1115 3412 ed.
1131 3346 1207 3411 min.
1223 3347 1266 3412 ad
1280 3348 1340 3433 XI,
1354 3354 1415 3432 61),
1482 3377 1483 3386 ¹

271 3469 462 3532 quamquam
484 3468 525 3512 ne
547 3449 678 3513 uerbum
703 3448 832 3530 quidem
856 3448 896 3513 de
919 3447 980 3514 hac
1002 3468 1036 3513 re
1058 3448 1148 3532 facit,
1172 3450 1360 3518 manifestus
1383 3453 1415 3517 iit

272 3571 312 3618 ex
334 3549 378 3614 id.
393 3550 451 3633 XI,
468 3552 508 3612 60
521 3570 590 3632 sqq.
621 3551 671 3628 (cf.
694 3551 850 3617 Ribbeck.
874 3571 952 3618 mus.
969 3551 1070 3616 Rhen.
1095 3552 1157 3616 uol.
1169 3550 1263 3615 XVII
1285 3575 1317 3636 p.
1331 3557 1414 3632 569).

269 3654 350 3720 Leni
372 3651 518 3717 irrisione
534 3657 631 3735 poeta
645 3653 762 3717 amoris
784 3655 850 3718 uirn
874 3654 970 3718 etiam
993 3672 1032 3718 eo
1054 3655 1215 3720 ualentem
1237 3658 1413 3740 proposuit,

269 3765 305 3823 ut
326 3753 562 3839 Polyphemum
584 3752 718 3818 mirifice
740 3753 803 3818 sibi
824 3753 1005 3837 placentem
1034 3755 1192 3821 redderet.
1236 3757 1306 3823 Etsi
1329 3761 1413 3824 enim

269 3859 446 3945 posteriore
462 3855 575 3938 ecloga
597 3875 648 3920 uu.
666 3857 705 3917 30
715 3875 784 3937 sqq.
807 3855 941 3920 taetrica
962 3856 1065 3922 fronte
1087 3878 1199 3943 parum
1223 3860 1355 3925 amabili
1378 3880 1412 3925 se

270 3982 340 4028 esse
363 3965 495 4046 aspectu
517 3958 664 4026 concedit
686 3957 857 4041 Galateae,
888 3964 993 4024 tamen
1015 3960 1073 4024 sub
1099 3957 1195 4024 finem
1224 3981 1276 4025 uu.
1294 3966 1409 4044 77sqq.

867 4257 869 4264 .

1291 4597 1294 4604 .

1268 4635 1450 4662 *qq-¹¹⁴
