2998 4674
470 248 513 304 De
530 248 696 319 Polyphemo
713 256 741 305 ct
759 251 884 308 Galatea.
1187 257 1248 317 225

18 419 19 424 ’
106 420 260 487 Galateae
282 439 358 486 uero
383 420 642 488 lamentatIonem
671 442 857 507 expressam
886 444 957 492 esse
985 426 1185 511 suspicamur
1215 431 1248 496 in

106 541 197 589 uersu
212 542 373 605 anonymo
394 523 436 588 ab
457 523 683 607 interpretibus
704 525 945 591 multifariamt
932 531 1053 593 tentato
1074 546 1180 612 neque
1201 531 1249 596 in-

103 625 230 691 tellecto
253 625 291 690 fr.
307 645 399 691 anon.
415 628 491 689 341:
515 624 614 692 schol.
626 624 664 687 A
678 624 773 691 adIl.
784 626 908 711 XXHI,
922 629 998 693 254:
1021 623 1118 692 πᾶσα
1133 627 1245 717 δοτικὴ

18 767 19 774 ι
104 721 330 808 δισύλλαβος’
316 717 372 790 εντ’
391 717 565 808 ὀνομάτων
581 723 629 803 εις
643 751 678 791 τι
644 723 838 811 ληγονσα
852 719 1013 808 οξυνεται
1032 735 1138 815 χρωτί
1125 729 1248 799 eldaa

101 831 218 914 Κρητί.
255 819 359 904 ουίως
385 823 518 894 οὖνκαὶ
541 828 617 894 λιτὶ.
653 826 760 914 τούτῳ
788 825 851 949 φὰρ
877 853 923 914 τῳ
954 828 1041 916 λόγῳ
1067 833 1123 898 καὶ
1150 833 1247 921 βλητὶ

102 919 281 1016 ὀφείλομεν
303 953 363 994 κατ
365 921 513 1006 ’ὀξεῖαν
534 927 632 994 τάσιν
655 922 906 1014 ἀναγινώσκειν·

228 1028 342 1118 νύμφα
364 1031 462 1118 φίλη,
485 1031 540 1096 καὶ
561 1031 700 1117 βλητὶλ
702 1029 807 1118 lap
793 1055 827 1098 εν
830 1025 1046 1117 λιλιιὶκρνονι
1024 1057 1115 1119 ηκας.

100 1133 377 1219 acquiescendum
393 1135 483 1200 erit
473 1154 507 1200 ιιι
528 1136 658 1200 notione
673 1135 835 1202 adiectiua
852 1137 942 1202 uocis
962 1133 1053 1220 βλής,
1076 1157 1148 1205 cum
1163 1159 1246 1222 quae

16 1265 17 1308 3
101 1241 210 1300 contra
231 1237 354 1301 monuit
367 1235 550 1303 Lobeokins
565 1236 728 1321 Paralipp.
749 1259 781 1322 p.
794 1238 835 1301 82
858 1236 980 1317 (Lehrs.
996 1237 1116 1305 Herod.
1132 1259 1191 1306 scr.
1207 1247 1244 1307 tr.

100 1356 158 1403 em.
174 1357 207 1422 p.
219 1339 293 1416 326)
308 1358 372 1404 non
386 1336 556 1404 uideantur
567 1336 712 1404 sufficere
723 1337 765 1403 ad
777 1337 953 1404 Herodiani
965 1341 1072 1419 (Lena.
1083 1341 1116 1406 Π
1129 1362 1162 1426 p.
1172 1343 1244 1420 121)

100 1444 129 1502 et
152 1439 208 1520 qui
232 1457 303 1504 eum
325 1440 426 1506 secuti
447 1445 520 1505 eunt
538 1437 737 1523 Theognosti
760 1458 872 1504 canon.
888 1441 920 1505 in
935 1440 1039 1506 (iram.
1055 1443 1168 1510 anecd.
1184 1443 1245 1511 (lx.

98 1539 128 1603 ll
143 1561 175 1624 p.
190 1542 261 1624 134,
275 1543 315 1603 23
338 1548 370 1607 et
387 1539 580 1607 scholiastae
596 1541 705 1624 Eurip.
718 1538 772 1606 Or.
793 1559 823 1604 u.
839 1541 877 1603 18
892 1543 1114 1609 auctoritatem
1136 1545 1246 1610 infrin-

98 1639 254 1725 gendam3
281 1641 409 1708 uidetur
429 1648 536 1709 autem
559 1643 798 1728 ipso'sermone
827 1639 941 1708 scholii
969 1642 1057 1708 notio
1084 1643 1247 1712 adiectiua

98 1761 115 1808 e
136 1744 252 1827 regula
273 1750 425 1827 exempta
446 1751 478 1810 et
499 1763 558 1829 per
579 1745 761 1828 analogiam
782 1748 904 1808 tanturn
925 1741 988 1809 huc
1015 1743 1173 1811 trahenda
1197 1748 1244 1812 in-

98 1843 210 1910 dicari.
245 1845 403 1911 Nimirum
419 1844 555 1912 Galatea
575 1845 786 1912 immoderato
808 1843 920 1910 dolore
942 1845 1074 1912 subacta
1095 1848 1244 1916 lacrimas

97 1946 266 2013 infundere
289 1946 405 2013 dicitur
426 1949 510 2013 iacto
533 1949 652 2032 lapidi,
677 1948 731 2030 qui
751 1939 865 2012 ‘totum
886 1947 992 2011 obruit
1011 1940 1121 2034 Acin',
1151 1952 1245 2018 lacri-

95 2067 220 2113 marum
248 2047 377 2114 flumine
405 2050 540 2118 fortasse
562 2049 693 2118 fluuium
715 2069 896 2134 procreans.
939 2049 1048 2115 Potuit
1069 2071 1145 2117 uero
1168 2058 1244 2136 apte

94 2154 195 2232 poeta
208 2151 356 2216 nocatiuo
372 2151 504 2235 adloqui
525 2151 711 2236 nympham,
734 2158 769 2217 ut
791 2150 986 2234 significaret
1002 2156 1130 2217 auctum
1145 2153 1243 2220 affec-

94 2255 172 2332 tum,
196 2252 251 2333 qui
272 2272 347 2318 usus
368 2256 489 2337 passim
505 2254 690 2320 obseruatur
711 2252 799 2337 apud
820 2257 933 2336 poetas
955 2253 1104 2334 antiquos
1126 2255 1165 2320 cl.
1182 2253 1242 2321 Ou.

95 2360 171 2419 met.
187 2354 277 2437 XIlI,
291 2358 367 2440 7653
390 2354 472 2421 illud
493 2362 599 2422 autem
621 2358 678 2419 καί
699 2354 742 2418 ad
763 2354 899 2418 alterum
913 2355 1046 2420 uerbum
1060 2357 1243 2439 praegressi

11 2519 12 2526 ,
95 2475 208 2523 uersus
231 2457 433 2523 referendum
454 2457 523 2523 erit.

182 2557 247 2624 Sed
262 2577 302 2624 ne
318 2558 517 2626 coniectandi
533 2557 836 2640 conglutinandique
854 2555 960 2623 studio
982 2557 1016 2623 in
1038 2578 1164 2627 cassum
1186 2561 1241 2627 ab·

94 2661 260 2745 ripiamnr,
283 2661 317 2727 id
338 2682 436 2727 unum
458 2659 520 2727 hoc
540 2666 649 2726 nostro
672 2659 838 2726 conamine
853 2660 1078 2744 qualicumque
1094 2660 1241 2730 effecisse

9 2749 10 2796 ³
94 2764 188 2830 nobis
202 2762 358 2846 uidemur,
381 2770 416 2829 ut
430 2762 541 2830 Acidis
558 2763 698 2828 fabellae
712 2767 875 2828 auctorem
890 2760 1007 2828 Ouidio
1028 2763 1128 2828 fuisse
1143 2761 1242 2828 Calli·

94 2866 243 2932 machum
270 2885 335 2930 non
364 2865 433 2930 sine
462 2863 689 2948 probabilitate
717 2864 806 2930 credi
834 2865 946 2948 possit.
994 2862 1098 2929 Simul
1126 2864 1241 2947 epyllii

95 2965 305 3034 Callimachei
333 2967 481 3032 tenebras
506 2965 704 3048 aliquantum
726 2965 899 3050 dispellere
928 2964 1104 3031 studuimus
1126 2964 1239 3032 Acidis

8 3085 9 3146 t
93 3068 239 3152 mythum
256 3070 286 3135 ei
301 3067 510 3152 uindicantes,
526 3069 577 3134 eui
592 3069 735 3153 opinioni
748 3067 889 3133 calculus
904 3064 979 3131 inde
991 3064 1137 3150 adicitur,
1153 3066 1241 3148 quod

8 3157 9 3218 Ῠ
95 3172 141 3237 sic
163 3178 284 3236 tantum
308 3170 537 3254 intellegimus,
567 3168 727 3252 quomodo
748 3174 846 3251 poeta
871 3168 961 3234 tritas
984 3167 1104 3234 orbitas
1130 3187 1239 3253 asper-

93 3293 174 3340 nans
189 3278 263 3356 post
274 3270 437 3339 Theocriti
452 3291 544 3338 curas
558 3270 600 3336 ad
616 3269 702 3335 idem
715 3276 937 3353 argumentum
952 3268 1087 3336 allectus
1101 3270 1144 3335 sit
1157 3274 1240 3338 trac-

94 3375 235 3441 tandum.
272 3372 308 3440 Si
330 3393 406 3439 uero
428 3375 462 3439 in
484 3375 541 3439 illa
561 3372 671 3438 fabula
686 3370 886 3455 Cyrenaeum
907 3370 1056 3438 adhibuit
1075 3371 1239 3442 Romanus

93 3484 207 3562 poeta,
235 3477 332 3542 etiam
359 3477 394 3540 in
422 3476 536 3542 ceteris
561 3473 773 3540 Alexandrini
799 3475 953 3557 poematii
981 3474 1118 3542 laciniae
1147 3484 1239 3542 erunt

95 3577 329 3664 agnoscendae,
351 3597 431 3660 quas
453 3583 606 3662 exparte
628 3575 750 3642 auctori
771 3575 938 3642 restituere
960 3578 1065 3642 conati
1089 3597 1205 3643 sumus.

179 3681 229 3746 De
252 3679 421 3747 Ouidianis
442 3680 582 3763 denique
603 3679 743 3745 fontibus
765 3685 801 3744 ut
822 3677 1130 3763 comprehendamus
1153 3676 1237 3743 iudi-

96 3785 195 3866 cium,
217 3803 281 3849 non
302 3802 400 3848 unum
421 3781 502 3847 adiit
523 3782 642 3849 fontem
662 3787 852 3866 perpetuum
875 3780 1025 3861 Ouidius,
1049 3779 1107 3844 sed
1128 3778 1237 3844 multis

95 3905 135 3951 ex
150 3884 333 3952 auctoribus
348 3884 527 3968 composuit
542 3903 623 3967 opus
637 3883 795 3950 musiuum
816 3889 942 3949 secutus
964 3886 1091 3965 praeter
1113 3887 1237 3946 ceteros

94 3985 300 4052 Theocritum
323 3993 355 4051 et
374 3984 510 4050 fortasse
529 3984 761 4051 Callimachum
782 3983 939 4052 adhibens
961 3979 1135 4133 chgmerum
1158 4001 1236 4065 quo-
