<?xml version="1.0" encoding="UTF-8"?>
<!DOCTYPE html PUBLIC "-//W3C//DTD XHTML 1.0 Transitional//EN"
    "http://www.w3.org/TR/xhtml1/DTD/xhtml1-transitional.dtd">
<html xmlns="http://www.w3.org/1999/xhtml" xml:lang="en" lang="en">
 <head>
  <title>
</title>
<meta http-equiv="Content-Type" content="text/html;charset=utf-8" />
  <meta name='ocr-system' content='tesseract 3.04.00' />
  <meta name='ocr-capabilities' content='ocr_page ocr_carea ocr_par ocr_line ocrx_word'/>
</head>
<body>
  <div class='ocr_page' id='page_1' title='image "./depolyphemoetga00hollgoog_0075.png"; bbox 0 0 3028 4672; ppageno 0'>
   <div class='ocr_carea' id='block_1_1' title="bbox 276 241 1060 312">
    <p class='ocr_par' dir='ltr' id='par_1_1' title="bbox 276 241 1060 312">
     <span class='ocr_line' id='line_1_1' title="bbox 276 241 1060 312; baseline -0.006 -9"><span class='ocrx_word' id='word_1_1' title='bbox 276 243 338 303; x_wconf 83' lang='lat'><strong>202</strong></span> <span class='ocrx_word' id='word_1_2' title='bbox 638 242 770 312; x_wconf 77' lang='lat' dir='ltr'><strong>Georgius</strong></span> <span class='ocrx_word' id='word_1_3' title='bbox 788 241 924 298; x_wconf 83' lang='lat' dir='ltr'><strong>Ricardus</strong></span> <span class='ocrx_word' id='word_1_4' title='bbox 941 242 1060 299; x_wconf 85' lang='lat' dir='ltr'><strong>Hollaud</strong></span> 
     </span>
    </p>
   </div>
   <div class='ocr_carea' id='block_1_2' title="bbox 265 406 1513 4053">
    <p class='ocr_par' dir='ltr' id='par_1_2' title="bbox 271 406 1513 2106">
     <span class='ocr_line' id='line_1_2' title="bbox 275 406 1437 506; baseline 0.002 -26"><span class='ocrx_word' id='word_1_5' title='bbox 275 437 307 500; x_wconf 90' lang='lat' dir='ltr'><strong>p.</strong></span> <span class='ocrx_word' id='word_1_6' title='bbox 321 419 504 497; x_wconf 83' lang='lat'>114-117;</span> <span class='ocrx_word' id='word_1_7' title='bbox 527 435 559 499; x_wconf 92' lang='lat' dir='ltr'><strong>p.</strong></span> <span class='ocrx_word' id='word_1_8' title='bbox 571 417 645 479; x_wconf 82' lang='lat'>116:</span> <span class='ocrx_word' id='word_1_9' title='bbox 663 416 797 499; x_wconf 80' lang='grc' dir='ltr'><em>πρωίας</em></span> <span class='ocrx_word' id='word_1_10' title='bbox 812 413 849 479; x_wconf 81' lang='grc' dir='ltr'><strong>δέ</strong></span> <span class='ocrx_word' id='word_1_11' title='bbox 863 417 1039 506; x_wconf 72' lang='grc' dir='ltr'><em>γενομένης</em></span> <span class='ocrx_word' id='word_1_12' title='bbox 1054 411 1265 500; x_wconf 74' lang='grc' dir='ltr'><em>προσήγαγεν</em></span> <span class='ocrx_word' id='word_1_13' title='bbox 1281 406 1437 482; x_wconf 78' lang='grc' dir='ltr'><em>δὈδυσ·</em></span> 
     </span>
     <span class='ocr_line' id='line_1_3' title="bbox 277 508 1436 603; baseline 0.001 -20"><span class='ocrx_word' id='word_1_14' title='bbox 277 515 353 593; x_wconf 86' lang='grc' dir='ltr'><em>σεδς</em></span> <span class='ocrx_word' id='word_1_15' title='bbox 380 517 434 582; x_wconf 82' lang='grc' dir='ltr'><strong>καὶ</strong></span> <span class='ocrx_word' id='word_1_16' title='bbox 464 517 512 600; x_wconf 78' lang='grc' dir='ltr'><strong>τηῖ</strong></span> <span class='ocrx_word' id='word_1_17' title='bbox 533 513 732 603; x_wconf 83' lang='grc' dir='ltr'><em>Πολυφήμηι</em></span> <span class='ocrx_word' id='word_1_18' title='bbox 762 515 852 594; x_wconf 87' lang='grc' dir='ltr'><em>ξένια</em></span> <span class='ocrx_word' id='word_1_19' title='bbox 879 517 934 582; x_wconf 83' lang='grc' dir='ltr'><strong>καὶ</strong></span> <span class='ocrx_word' id='word_1_20' title='bbox 962 518 1174 596; x_wconf 74' lang='grc' dir='ltr'><em>προσέπεσεν</em></span> <span class='ocrx_word' id='word_1_21' title='bbox 1203 508 1294 600; x_wconf 75' lang='grc' dir='ltr'><em>αὐτῷ</em></span> <span class='ocrx_word' id='word_1_22' title='bbox 1323 515 1436 584; x_wconf 79' lang='grc' dir='ltr'><em>εἰπών</em></span> 
     </span>
     <span class='ocr_line' id='line_1_4' title="bbox 274 611 1431 705; baseline 0.001 -20"><span class='ocrx_word' id='word_1_23' title='bbox 274 611 330 686; x_wconf 77' lang='grc' dir='ltr'><strong>ὅτι</strong></span> <span class='ocrx_word' id='word_1_24' title='bbox 358 611 426 684; x_wconf 83' lang='grc' dir='ltr'><strong>ἆπδ</strong></span> <span class='ocrx_word' id='word_1_25' title='bbox 456 620 524 684; x_wconf 79' lang='grc' dir='ltr'><strong>τῶν</strong></span> <span class='ocrx_word' id='word_1_26' title='bbox 557 620 715 705; x_wconf 78' lang='grc' dir='ltr'><em>Τρωικῶν</em></span> <span class='ocrx_word' id='word_1_27' title='bbox 742 616 858 684; x_wconf 85' lang='grc' dir='ltr'><em>τόπων</em></span> <span class='ocrx_word' id='word_1_28' title='bbox 891 615 1034 704; x_wconf 87' lang='grc' dir='ltr'><em>έλήλυθε</em></span> <span class='ocrx_word' id='word_1_29' title='bbox 1066 617 1326 704; x_wconf 80' lang='grc' dir='ltr'><em>πεπλανημένος</em></span> <span class='ocrx_word' id='word_1_30' title='bbox 1360 611 1431 686; x_wconf 79' lang='grc' dir='ltr'><strong>ἀπὸ</strong></span> 
     </span>
     <span class='ocr_line' id='line_1_5' title="bbox 273 710 1433 807; baseline -0.003 -20"><span class='ocrx_word' id='word_1_31' title='bbox 273 721 401 807; x_wconf 79' lang='grc' dir='ltr'><em>πολλῆς</em></span> <span class='ocrx_word' id='word_1_32' title='bbox 422 717 576 802; x_wconf 79' lang='grc' dir='ltr'><em>κυμάτων</em></span> <span class='ocrx_word' id='word_1_33' title='bbox 595 712 736 806; x_wconf 77' lang='grc' dir='ltr'><em>ἀνάγκης</em></span> <span class='ocrx_word' id='word_1_34' title='bbox 759 711 1005 806; x_wconf 75' lang='grc' dir='ltr'><em>ἀπαριθμήσας</em></span> <span class='ocrx_word' id='word_1_35' title='bbox 1027 710 1118 802; x_wconf 75' lang='grc' dir='ltr'><em>αὐτῷ</em></span> <span class='ocrx_word' id='word_1_36' title='bbox 1139 719 1194 784; x_wconf 88' lang='grc' dir='ltr'><strong>καὶ</strong></span> <span class='ocrx_word' id='word_1_37' title='bbox 1216 716 1277 795; x_wconf 87' lang='grc' dir='ltr'><strong>τὰς</strong></span> <span class='ocrx_word' id='word_1_38' title='bbox 1301 719 1433 803; x_wconf 83' lang='grc' dir='ltr'><em>συμβά-</em></span> 
     </span>
     <span class='ocr_line' id='line_1_6' title="bbox 275 810 1432 907; baseline -0.003 -17"><span class='ocrx_word' id='word_1_39' title='bbox 275 844 337 901; x_wconf 91' lang='grc' dir='ltr'><strong>σας</strong></span> <span class='ocrx_word' id='word_1_40' title='bbox 360 814 451 907; x_wconf 80' lang='grc' dir='ltr'><em>αὗτῷ</em></span> <span class='ocrx_word' id='word_1_41' title='bbox 470 817 555 885; x_wconf 84' lang='grc' dir='ltr'><em>κατὰ</em></span> <span class='ocrx_word' id='word_1_42' title='bbox 578 819 757 886; x_wconf 84' lang='grc' dir='ltr'><em>θάλασσαν</em></span> <span class='ocrx_word' id='word_1_43' title='bbox 780 819 965 907; x_wconf 82' lang='grc' dir='ltr'><em>διαφόρους</em></span> <span class='ocrx_word' id='word_1_44' title='bbox 987 817 1177 907; x_wconf 84' lang='grc' dir='ltr'><em>συμφοράς,</em></span> <span class='ocrx_word' id='word_1_45' title='bbox 1199 810 1294 896; x_wconf 78' lang='grc' dir='ltr'><em>ὅστις</em></span> <span class='ocrx_word' id='word_1_46' title='bbox 1316 819 1432 888; x_wconf 80' lang='grc' dir='ltr'><em>Πολύ-</em></span> 
     </span>
     <span class='ocr_line' id='line_1_7' title="bbox 275 914 1431 1012; baseline -0.003 -22"><span class='ocrx_word' id='word_1_47' title='bbox 275 947 386 1012; x_wconf 81' lang='grc' dir='ltr'><em>φημος</em></span> <span class='ocrx_word' id='word_1_48' title='bbox 402 919 632 1008; x_wconf 74' lang='grc' dir='ltr'><em>συμπαθήσας</em></span> <span class='ocrx_word' id='word_1_49' title='bbox 648 915 737 1006; x_wconf 77' lang='grc' dir='ltr'><em>αὐτῷ</em></span> <span class='ocrx_word' id='word_1_50' title='bbox 759 914 896 1010; x_wconf 82' lang='grc' dir='ltr'><em>ἠλέησεν</em></span> <span class='ocrx_word' id='word_1_51' title='bbox 918 914 1017 988; x_wconf 79' lang='grc' dir='ltr'><em>αὐτὸν</em></span> <span class='ocrx_word' id='word_1_52' title='bbox 1038 923 1093 986; x_wconf 81' lang='grc' dir='ltr'><strong>καί</strong></span> <span class='ocrx_word' id='word_1_53' title='bbox 1116 915 1303 998; x_wconf 77' lang='grc' dir='ltr'><em>ὑπεδέξατο</em></span> <span class='ocrx_word' id='word_1_54' title='bbox 1327 914 1431 988; x_wconf 76' lang='grc' dir='ltr'><em>αὐτὸν</em></span> 
     </span>
     <span class='ocr_line' id='line_1_8' title="bbox 273 1016 1430 1111; baseline -0.001 -20"><span class='ocrx_word' id='word_1_55' title='bbox 273 1027 329 1091; x_wconf 83' lang='grc' dir='ltr'><strong>καί</strong></span> <span class='ocrx_word' id='word_1_56' title='bbox 344 1021 422 1101; x_wconf 85' lang='grc' dir='ltr'><em>τοδς</em></span> <span class='ocrx_word' id='word_1_57' title='bbox 437 1016 548 1103; x_wconf 78' lang='grc' dir='ltr'><em>αὐτοῦ,</em></span> <span class='ocrx_word' id='word_1_58' title='bbox 572 1021 634 1101; x_wconf 73' lang='grc' dir='ltr'><strong>ἕως</strong></span> <span class='ocrx_word' id='word_1_59' title='bbox 649 1016 688 1088; x_wconf 81' lang='grc' dir='ltr'><strong>οὗ</strong></span> <span class='ocrx_word' id='word_1_60' title='bbox 703 1021 830 1108; x_wconf 79' lang='grc' dir='ltr'><em>ἐγένετο</em></span> <span class='ocrx_word' id='word_1_61' title='bbox 853 1021 1044 1111; x_wconf 70' lang='grc' dir='ltr'><em>ἐπιτήδειος</em></span> <span class='ocrx_word' id='word_1_62' title='bbox 1064 1018 1082 1088; x_wconf 88' lang='grc' dir='ltr'><em>δ</em></span> <span class='ocrx_word' id='word_1_63' title='bbox 1106 1024 1222 1100; x_wconf 83' lang='grc' dir='ltr'><em>πλοῦς.</em></span> <span class='ocrx_word' id='word_1_64' title='bbox 1258 1018 1279 1110; x_wconf 81' lang='grc' dir='ltr'><strong><em>ἡ</em></strong></span> <span class='ocrx_word' id='word_1_65' title='bbox 1304 1022 1341 1090; x_wconf 86' lang='grc' dir='ltr'><strong>δὲ</strong></span> <span class='ocrx_word' id='word_1_66' title='bbox 1362 1029 1430 1090; x_wconf 89' lang='grc' dir='ltr'><strong>θυ-</strong></span> 
     </span>
     <span class='ocr_line' id='line_1_9' title="bbox 272 1117 1431 1213; baseline 0.001 -22"><span class='ocrx_word' id='word_1_67' title='bbox 272 1125 376 1212; x_wconf 78' lang='grc' dir='ltr'><em>γάτηρ</em></span> <span class='ocrx_word' id='word_1_68' title='bbox 398 1127 457 1190; x_wconf 82' lang='grc' dir='ltr'><strong>τοῦ</strong></span> <span class='ocrx_word' id='word_1_69' title='bbox 474 1122 683 1212; x_wconf 84' lang='grc' dir='ltr'><em>Πολυφήμου</em></span> <span class='ocrx_word' id='word_1_70' title='bbox 705 1117 970 1212; x_wconf 85' lang='grc' dir='ltr'><em>δνόματιἜλπη</em></span> <span class='ocrx_word' id='word_1_71' title='bbox 994 1122 1160 1209; x_wconf 73' lang='grc' dir='ltr'><em>ἐρωτικῶς</em></span> <span class='ocrx_word' id='word_1_72' title='bbox 1181 1124 1319 1213; x_wconf 77' lang='grc' dir='ltr'><em>διετέθη</em></span> <span class='ocrx_word' id='word_1_73' title='bbox 1342 1126 1431 1213; x_wconf 86' lang='grc' dir='ltr'><em>πρός</em></span> 
     </span>
     <span class='ocr_line' id='line_1_10' title="bbox 272 1219 1429 1314; baseline 0.002 -22"><span class='ocrx_word' id='word_1_74' title='bbox 272 1253 348 1294; x_wconf 90' lang='grc' dir='ltr'><em>τινα</em></span> <span class='ocrx_word' id='word_1_75' title='bbox 364 1219 515 1314; x_wconf 75' lang='grc' dir='ltr'><em>εὐπρεπῆ</em></span> <span class='ocrx_word' id='word_1_76' title='bbox 531 1221 636 1313; x_wconf 76' lang='grc' dir='ltr'><em>ἄνδρα</em></span> <span class='ocrx_word' id='word_1_77' title='bbox 654 1229 720 1291; x_wconf 81' lang='grc' dir='ltr'><strong>τῶν</strong></span> <span class='ocrx_word' id='word_1_78' title='bbox 737 1224 821 1310; x_wconf 84' lang='grc' dir='ltr'><em>μετὰ</em></span> <span class='ocrx_word' id='word_1_79' title='bbox 842 1229 903 1293; x_wconf 81' lang='grc' dir='ltr'><strong>τοῦ</strong></span> <span class='ocrx_word' id='word_1_80' title='bbox 920 1219 1106 1303; x_wconf 84' lang='grc' dir='ltr'><em>Ὀδυσσέως</em></span> <span class='ocrx_word' id='word_1_81' title='bbox 1128 1219 1270 1309; x_wconf 82' lang='grc' dir='ltr'><em>ὀνόματι</em></span> <span class='ocrx_word' id='word_1_82' title='bbox 1290 1230 1429 1294; x_wconf 79' lang='grc' dir='ltr'><em>Λεΐωνα</em></span> 
     </span>
     <span class='ocr_line' id='line_1_11' title="bbox 272 1319 1513 1416; baseline -0.001 -22"><span class='ocrx_word' id='word_1_83' title='bbox 272 1331 328 1395; x_wconf 86' lang='grc' dir='ltr'><strong>καὶ</strong></span> <span class='ocrx_word' id='word_1_84' title='bbox 344 1326 536 1415; x_wconf 76' lang='grc' dir='ltr'><em>ἐπιτηδείου</em></span> <span class='ocrx_word' id='word_1_85' title='bbox 552 1319 673 1412; x_wconf 74' lang='grc' dir='ltr'><em>ἀνέμου</em></span> <span class='ocrx_word' id='word_1_86' title='bbox 688 1326 894 1404; x_wconf 85' lang='grc' dir='ltr'><em>πνεύσαντος</em></span> <span class='ocrx_word' id='word_1_87' title='bbox 908 1325 1031 1416; x_wconf 83' lang='grc' dir='ltr'><em>ταύτην</em></span> <span class='ocrx_word' id='word_1_88' title='bbox 1042 1320 1308 1415; x_wconf 80' lang='grc' dir='ltr'><em>ἇφαρπάσαντες</em></span> <span class='ocrx_word' id='word_1_89' title='bbox 1325 1327 1429 1416; x_wconf 82' lang='grc' dir='ltr'><em>έξώρ·</em></span> <span class='ocrx_word' id='word_1_90' title='bbox 1512 1379 1513 1410; x_wconf 47' lang='grc' dir='ltr'><em>η</em></span> 
     </span>
     <span class='ocr_line' id='line_1_12' title="bbox 272 1421 1513 1519; baseline 0 -22"><span class='ocrx_word' id='word_1_91' title='bbox 272 1453 382 1519; x_wconf 91' lang='grc' dir='ltr'><em>μησαν</em></span> <span class='ocrx_word' id='word_1_92' title='bbox 412 1428 447 1496; x_wconf 83' lang='grc' dir='ltr'><strong>έκ</strong></span> <span class='ocrx_word' id='word_1_93' title='bbox 475 1432 534 1517; x_wconf 78' lang='grc' dir='ltr'><strong>τῆς</strong></span> <span class='ocrx_word' id='word_1_94' title='bbox 555 1431 708 1507; x_wconf 76' lang='grc' dir='ltr'><em>Σικελίας</em></span> <span class='ocrx_word' id='word_1_95' title='bbox 734 1428 850 1516; x_wconf 85' lang='grc' dir='ltr'><em>νήσου,</em></span> <span class='ocrx_word' id='word_1_96' title='bbox 880 1421 1003 1495; x_wconf 72' lang='grc' dir='ltr'><em>ὅτινα</em></span> <span class='ocrx_word' id='word_1_97' title='bbox 1031 1424 1048 1494; x_wconf 88' lang='grc' dir='ltr'><em>δ</em></span> <span class='ocrx_word' id='word_1_98' title='bbox 1079 1427 1333 1516; x_wconf 80' lang='grc' dir='ltr'><em>σοφώτατος</em></span> <span class='ocrx_word' id='word_1_99' title='bbox 1355 1435 1428 1497; x_wconf 86' lang='grc' dir='ltr'><strong>Σί-</strong></span> <span class='ocrx_word' id='word_1_100' title='bbox 1512 1463 1513 1480; x_wconf 53' lang='lat' dir='ltr'>u</span> 
     </span>
     <span class='ocr_line' id='line_1_13' title="bbox 273 1527 1513 1620; baseline -0.001 -21"><span class='ocrx_word' id='word_1_101' title='bbox 273 1554 404 1620; x_wconf 84' lang='grc' dir='ltr'><em>συφος</em></span> <span class='ocrx_word' id='word_1_102' title='bbox 425 1527 572 1617; x_wconf 78' lang='grc' dir='ltr'><em>δΚῷος</em></span> <span class='ocrx_word' id='word_1_103' title='bbox 595 1529 770 1608; x_wconf 76' lang='grc' dir='ltr'><em>ἐξέθετο.</em></span> <span class='ocrx_word' id='word_1_104' title='bbox 785 1589 787 1593; x_wconf 22' lang='grc' dir='ltr'><em>ι</em></span> <span class='ocrx_word' id='word_1_105' title='bbox 802 1532 935 1600; x_wconf 77' lang='lat' dir='ltr'><strong>cedron.</strong></span> <span class='ocrx_word' id='word_1_106' title='bbox 952 1532 1118 1616; x_wconf 65' lang='lat' dir='ltr'><strong>peenod.</strong></span> <span class='ocrx_word' id='word_1_107' title='bbox 1149 1531 1255 1598; x_wconf 85' lang='lat' dir='ltr'><strong>Bekk.</strong></span> <span class='ocrx_word' id='word_1_108' title='bbox 1270 1533 1286 1596; x_wconf 97' lang='grc' dir='ltr'><strong>Ι</strong></span> <span class='ocrx_word' id='word_1_109' title='bbox 1301 1554 1334 1617; x_wconf 92' lang='lat' dir='ltr'><strong>p.</strong></span> <span class='ocrx_word' id='word_1_110' title='bbox 1347 1537 1426 1618; x_wconf 78' lang='lat'><strong>232;</strong></span> <span class='ocrx_word' id='word_1_111' title='bbox 1512 1527 1513 1534; x_wconf 11' lang='grc' dir='ltr'><em>ί</em></span> 
     </span>
     <span class='ocr_line' id='line_1_14' title="bbox 272 1633 1513 1716; baseline 0 -14"><span class='ocrx_word' id='word_1_112' title='bbox 272 1638 380 1703; x_wconf 81' lang='lat' dir='ltr'><strong>Tzetz.</strong></span> <span class='ocrx_word' id='word_1_113' title='bbox 392 1635 522 1702; x_wconf 87' lang='lat' dir='ltr'><strong>ohiliad.</strong></span> <span class='ocrx_word' id='word_1_114' title='bbox 536 1634 609 1702; x_wconf 88' lang='lat' dir='ltr'><strong>hist.</strong></span> <span class='ocrx_word' id='word_1_115' title='bbox 626 1637 687 1699; x_wconf 80' lang='lat'><strong>360</strong></span> <span class='ocrx_word' id='word_1_116' title='bbox 709 1655 762 1700; x_wconf 90' lang='lat' dir='ltr'><strong>uu.</strong></span> <span class='ocrx_word' id='word_1_117' title='bbox 775 1637 960 1716; x_wconf 75' lang='lat' dir='ltr'><strong>ons-9453</strong></span> <span class='ocrx_word' id='word_1_118' title='bbox 984 1633 1023 1699; x_wconf 87' lang='lat' dir='ltr'><strong>of.</strong></span> <span class='ocrx_word' id='word_1_119' title='bbox 1040 1634 1139 1699; x_wconf 88' lang='lat' dir='ltr'><strong>etiam</strong></span> <span class='ocrx_word' id='word_1_120' title='bbox 1152 1633 1262 1700; x_wconf 87' lang='lat' dir='ltr'><strong>loann.</strong></span> <span class='ocrx_word' id='word_1_121' title='bbox 1273 1634 1425 1703; x_wconf 88' lang='lat' dir='ltr'><strong>Antioeh.</strong></span> <span class='ocrx_word' id='word_1_122' title='bbox 1512 1657 1513 1702; x_wconf 53' lang='grc' dir='ltr'><em>ι</em></span> 
     </span>
     <span class='ocr_line' id='line_1_15' title="bbox 272 1734 1426 1822; baseline 0.001 -19"><span class='ocrx_word' id='word_1_123' title='bbox 272 1739 306 1802; x_wconf 90' lang='lat' dir='ltr'><strong>in</strong></span> <span class='ocrx_word' id='word_1_124' title='bbox 320 1737 429 1803; x_wconf 87' lang='lat' dir='ltr'><strong>Muell.</strong></span> <span class='ocrx_word' id='word_1_125' title='bbox 444 1737 537 1820; x_wconf 82' lang='lat' dir='ltr'><strong>frgm.</strong></span> <span class='ocrx_word' id='word_1_126' title='bbox 554 1736 628 1802; x_wconf 89' lang='lat' dir='ltr'><strong>hist.</strong></span> <span class='ocrx_word' id='word_1_127' title='bbox 645 1734 699 1801; x_wconf 81' lang='lat' dir='ltr'><strong>Gr.</strong></span> <span class='ocrx_word' id='word_1_128' title='bbox 717 1736 762 1802; x_wconf 90' lang='lat' dir='ltr'><strong>IV</strong></span> <span class='ocrx_word' id='word_1_129' title='bbox 784 1756 816 1821; x_wconf 90' lang='lat' dir='ltr'><strong>p.</strong></span> <span class='ocrx_word' id='word_1_130' title='bbox 830 1740 901 1800; x_wconf 90' lang='grc'>551.</span> <span class='ocrx_word' id='word_1_131' title='bbox 940 1734 1141 1819; x_wconf 81' lang='lat' dir='ltr'>Quamquam</span> <span class='ocrx_word' id='word_1_132' title='bbox 1163 1734 1343 1802; x_wconf 76' lang='lat' dir='ltr'><strong>cauendum</strong></span> <span class='ocrx_word' id='word_1_133' title='bbox 1366 1744 1426 1822; x_wconf 88' lang='lat' dir='ltr'><strong>est,</strong></span> 
     </span>
     <span class='ocr_line' id='line_1_16' title="bbox 271 1835 1513 1920; baseline 0.002 -16"><span class='ocrx_word' id='word_1_134' title='bbox 271 1859 312 1904; x_wconf 88' lang='lat' dir='ltr'><strong>ue</strong></span> <span class='ocrx_word' id='word_1_135' title='bbox 335 1859 378 1904; x_wconf 88' lang='lat' dir='ltr'><strong>ex</strong></span> <span class='ocrx_word' id='word_1_136' title='bbox 400 1838 451 1903; x_wconf 88' lang='lat' dir='ltr'><strong>his</strong></span> <span class='ocrx_word' id='word_1_137' title='bbox 472 1839 603 1904; x_wconf 89' lang='lat' dir='ltr'><strong>somniis</strong></span> <span class='ocrx_word' id='word_1_138' title='bbox 626 1837 797 1919; x_wconf 88' lang='lat' dir='ltr'><strong>quiequam</strong></span> <span class='ocrx_word' id='word_1_139' title='bbox 825 1837 867 1902; x_wconf 88' lang='lat' dir='ltr'><strong>de</strong></span> <span class='ocrx_word' id='word_1_140' title='bbox 889 1836 1075 1903; x_wconf 92' lang='lat' dir='ltr'><strong>Philoxenii</strong></span> <span class='ocrx_word' id='word_1_141' title='bbox 1104 1835 1302 1920; x_wconf 84' lang='lat' dir='ltr'><strong>dithyrambi</strong></span> <span class='ocrx_word' id='word_1_142' title='bbox 1331 1857 1426 1906; x_wconf 89' lang='lat' dir='ltr'><strong>eursu</strong></span> <span class='ocrx_word' id='word_1_143' title='bbox 1512 1835 1513 1860; x_wconf 65' lang='lat'>¹</span> 
     </span>
     <span class='ocr_line' id='line_1_17' title="bbox 272 1937 1426 2022; baseline 0.001 -16"><span class='ocrx_word' id='word_1_144' title='bbox 272 1939 472 2022; x_wconf 79' lang='lat' dir='ltr'><strong>colligamus,</strong></span> <span class='ocrx_word' id='word_1_145' title='bbox 495 1945 683 2004; x_wconf 88' lang='lat' dir='ltr'><strong>tamennon</strong></span> <span class='ocrx_word' id='word_1_146' title='bbox 700 1939 769 2004; x_wconf 87' lang='lat' dir='ltr'><strong>sine</strong></span> <span class='ocrx_word' id='word_1_147' title='bbox 791 1938 902 2020; x_wconf 87' lang='lat' dir='ltr'><strong>aliqua</strong></span> <span class='ocrx_word' id='word_1_148' title='bbox 922 1937 1025 2021; x_wconf 87' lang='lat' dir='ltr'><strong>mythi</strong></span> <span class='ocrx_word' id='word_1_149' title='bbox 1047 1939 1133 2004; x_wconf 91' lang='lat' dir='ltr'><strong>illins</strong></span> <span class='ocrx_word' id='word_1_150' title='bbox 1150 1941 1337 2005; x_wconf 75' lang='lat' dir='ltr'><strong>commutati</strong></span> <span class='ocrx_word' id='word_1_151' title='bbox 1358 1961 1426 2007; x_wconf 93' lang='lat' dir='ltr'><strong>me·</strong></span> 
     </span>
     <span class='ocr_line' id='line_1_18' title="bbox 272 2038 743 2106; baseline -0.006 0"><span class='ocrx_word' id='word_1_152' title='bbox 272 2041 375 2106; x_wconf 86' lang='lat' dir='ltr'><strong>moria</strong></span> <span class='ocrx_word' id='word_1_153' title='bbox 395 2038 545 2105; x_wconf 87' lang='lat' dir='ltr'><strong>uidentur</strong></span> <span class='ocrx_word' id='word_1_154' title='bbox 566 2038 641 2104; x_wconf 84' lang='lat' dir='ltr'><strong>fieta</strong></span> <span class='ocrx_word' id='word_1_155' title='bbox 663 2057 743 2104; x_wconf 86' lang='lat' dir='ltr'><strong>esse.</strong></span> 
     </span>
    </p>

    <p class='ocr_par' dir='ltr' id='par_1_3' title="bbox 265 2138 1426 4053">
     <span class='ocr_line' id='line_1_19' title="bbox 356 2138 1425 2224; baseline 0.003 -17"><span class='ocrx_word' id='word_1_156' title='bbox 356 2142 453 2208; x_wconf 83' lang='lat' dir='ltr'>Haud</span> <span class='ocrx_word' id='word_1_157' title='bbox 481 2140 653 2206; x_wconf 74' lang='lat' dir='ltr'><strong>infeliciter</strong></span> <span class='ocrx_word' id='word_1_158' title='bbox 673 2139 744 2205; x_wconf 66' lang='lat' dir='ltr'><strong>&#39;uiri</strong></span> <span class='ocrx_word' id='word_1_159' title='bbox 773 2138 860 2206; x_wconf 84' lang='lat' dir='ltr'><strong>dooti</strong></span> <span class='ocrx_word' id='word_1_160' title='bbox 889 2141 1031 2207; x_wconf 74' lang='lat' dir='ltr'><strong>incertae</strong></span> <span class='ocrx_word' id='word_1_161' title='bbox 1060 2140 1147 2207; x_wconf 89' lang='lat' dir='ltr'><strong>sedis</strong></span> <span class='ocrx_word' id='word_1_162' title='bbox 1172 2141 1362 2224; x_wconf 78' lang='lat' dir='ltr'><strong>fragmentis</strong></span> <span class='ocrx_word' id='word_1_163' title='bbox 1392 2145 1425 2210; x_wconf 94' lang='lat' dir='ltr'><strong>in</strong></span> 
     </span>
     <span class='ocr_line' id='line_1_20' title="bbox 270 2241 1425 2327; baseline 0.004 -19"><span class='ocrx_word' id='word_1_164' title='bbox 270 2243 333 2311; x_wconf 92' lang='lat' dir='ltr'><strong>hoo</strong></span> <span class='ocrx_word' id='word_1_165' title='bbox 347 2242 552 2327; x_wconf 85' lang='lat' dir='ltr'><strong>dithyrambo</strong></span> <span class='ocrx_word' id='word_1_166' title='bbox 574 2243 681 2309; x_wconf 87' lang='lat' dir='ltr'><strong>looum</strong></span> <span class='ocrx_word' id='word_1_167' title='bbox 695 2241 913 2324; x_wconf 79' lang='lat' dir='ltr'><strong>adsignarunt.</strong></span> <span class='ocrx_word' id='word_1_168' title='bbox 947 2241 1107 2325; x_wconf 84' lang='lat' dir='ltr'><strong>Berghius</strong></span> <span class='ocrx_word' id='word_1_169' title='bbox 1123 2244 1218 2326; x_wconf 89' lang='lat' dir='ltr'><strong>enim,</strong></span> <span class='ocrx_word' id='word_1_170' title='bbox 1241 2245 1293 2309; x_wconf 91' lang='lat' dir='ltr'><strong>oui</strong></span> <span class='ocrx_word' id='word_1_171' title='bbox 1315 2264 1425 2313; x_wconf 87' lang='lat' dir='ltr'><strong>essen·</strong></span> 
     </span>
     <span class='ocr_line' id='line_1_21' title="bbox 270 2341 1426 2428; baseline 0.003 -17"><span class='ocrx_word' id='word_1_172' title='bbox 270 2347 390 2412; x_wconf 90' lang='lat' dir='ltr'><strong>tiuntur</strong></span> <span class='ocrx_word' id='word_1_173' title='bbox 403 2345 606 2428; x_wconf 83' lang='lat' dir='ltr'><strong>Bergleinius</strong></span> <span class='ocrx_word' id='word_1_174' title='bbox 624 2349 656 2409; x_wconf 89' lang='lat' dir='ltr'><strong>et</strong></span> <span class='ocrx_word' id='word_1_175' title='bbox 670 2341 878 2427; x_wconf 78' lang='lat' dir='ltr'><strong>Schmidtius,</strong></span> <span class='ocrx_word' id='word_1_176' title='bbox 900 2342 1061 2410; x_wconf 81' lang='lat' dir='ltr'><strong>Athenaei</strong></span> <span class='ocrx_word' id='word_1_177' title='bbox 1084 2345 1183 2410; x_wconf 85' lang='lat' dir='ltr'><strong>uerba</strong></span> <span class='ocrx_word' id='word_1_178' title='bbox 1203 2345 1265 2410; x_wconf 91' lang='lat' dir='ltr'><strong>XV</strong></span> <span class='ocrx_word' id='word_1_179' title='bbox 1285 2366 1317 2428; x_wconf 91' lang='lat' dir='ltr'><strong>p.</strong></span> <span class='ocrx_word' id='word_1_180' title='bbox 1331 2347 1426 2414; x_wconf 75' lang='lat' dir='ltr'><strong>send</strong></span> 
     </span>
     <span class='ocr_line' id='line_1_22' title="bbox 271 2447 1206 2616; baseline 0.001 -22"><span class='ocrx_word' id='word_1_181' title='bbox 271 2450 282 2524; x_wconf 50' lang='grc' dir='ltr'><em>ί</em></span> <span class='ocrx_word' id='word_1_182' title='bbox 310 2541 322 2556; x_wconf 85' lang='grc'><strong>“</strong></span> <span class='ocrx_word' id='word_1_183' title='bbox 357 2447 368 2524; x_wconf 73' lang='grc'>)</span> <span class='ocrx_word' id='word_1_184' title='bbox 497 2529 732 2612; x_wconf 82' lang='grc' dir='ltr'><em>συμβαλοῦμαί</em></span> <span class='ocrx_word' id='word_1_185' title='bbox 752 2553 786 2594; x_wconf 92' lang='grc' dir='ltr'><strong>τι</strong></span> <span class='ocrx_word' id='word_1_186' title='bbox 808 2530 908 2612; x_wconf 94' lang='grc' dir='ltr'><em>μέλος</em></span> <span class='ocrx_word' id='word_1_187' title='bbox 929 2523 1007 2611; x_wconf 84' lang='grc' dir='ltr'><em>δμῑν</em></span> <span class='ocrx_word' id='word_1_188' title='bbox 1029 2527 1077 2606; x_wconf 84' lang='grc' dir='ltr'><strong>εἷς</strong></span> <span class='ocrx_word' id='word_1_189' title='bbox 1099 2527 1206 2616; x_wconf 83' lang='grc' dir='ltr'><em>έριοτα</em></span> 
     </span>
     <span class='ocr_line' id='line_1_23' title="bbox 270 2643 1426 2734; baseline 0.003 -22"><span class='ocrx_word' id='word_1_190' title='bbox 270 2643 365 2727; x_wconf 83' lang='grc' dir='ltr'><em>(κατὰ</em></span> <span class='ocrx_word' id='word_1_191' title='bbox 387 2643 446 2711; x_wconf 87' lang='grc' dir='ltr'><strong>τὸν</strong></span> <span class='ocrx_word' id='word_1_192' title='bbox 467 2645 643 2734; x_wconf 86' lang='grc' dir='ltr'><em>Κυθήριον</em></span> <span class='ocrx_word' id='word_1_193' title='bbox 666 2645 837 2734; x_wconf 89' lang='grc' dir='ltr'><em>ποιητήν),</em></span> <span class='ocrx_word' id='word_1_194' title='bbox 866 2668 949 2732; x_wconf 88' lang='lat' dir='ltr'><strong>quae</strong></span> <span class='ocrx_word' id='word_1_195' title='bbox 975 2649 1017 2715; x_wconf 88' lang='lat' dir='ltr'><strong>ab</strong></span> <span class='ocrx_word' id='word_1_196' title='bbox 1039 2648 1208 2716; x_wconf 81' lang='lat' dir='ltr'><strong>Athenaeo</strong></span> <span class='ocrx_word' id='word_1_197' title='bbox 1238 2651 1309 2726; x_wconf 85' lang='grc'><strong>(1.1.</strong></span> <span class='ocrx_word' id='word_1_198' title='bbox 1332 2657 1364 2716; x_wconf 86' lang='lat' dir='ltr'><strong>et</strong></span> <span class='ocrx_word' id='word_1_199' title='bbox 1378 2651 1426 2716; x_wconf 90' lang='lat' dir='ltr'><strong>VI</strong></span> 
     </span>
     <span class='ocr_line' id='line_1_24' title="bbox 268 2748 1424 2837; baseline 0.005 -25"><span class='ocrx_word' id='word_1_200' title='bbox 268 2770 301 2833; x_wconf 84' lang='lat' dir='ltr'><strong>-p,</strong></span> <span class='ocrx_word' id='word_1_201' title='bbox 318 2748 420 2828; x_wconf 80' lang='grc'>2715)</span> <span class='ocrx_word' id='word_1_202' title='bbox 449 2755 482 2814; x_wconf 90' lang='lat' dir='ltr'><strong>et</strong></span> <span class='ocrx_word' id='word_1_203' title='bbox 503 2751 576 2816; x_wconf 86' lang='lat' dir='ltr'><strong>aliis</strong></span> <span class='ocrx_word' id='word_1_204' title='bbox 598 2750 744 2833; x_wconf 85' lang='lat' dir='ltr'><strong>(Dionys.</strong></span> <span class='ocrx_word' id='word_1_205' title='bbox 761 2749 834 2816; x_wconf 90' lang='lat' dir='ltr'><strong>Hal.</strong></span> <span class='ocrx_word' id='word_1_206' title='bbox 851 2750 892 2816; x_wconf 87' lang='lat' dir='ltr'><strong>de</strong></span> <span class='ocrx_word' id='word_1_207' title='bbox 908 2770 1010 2833; x_wconf 89' lang='lat' dir='ltr'><strong>eomp.</strong></span> <span class='ocrx_word' id='word_1_208' title='bbox 1025 2770 1056 2817; x_wconf 89' lang='lat' dir='ltr'><strong>u.</strong></span> <span class='ocrx_word' id='word_1_209' title='bbox 1079 2755 1153 2831; x_wconf 86' lang='lat' dir='ltr'><strong>e.1;</strong></span> <span class='ocrx_word' id='word_1_210' title='bbox 1183 2750 1332 2837; x_wconf 87' lang='lat' dir='ltr'><strong>Append.</strong></span> <span class='ocrx_word' id='word_1_211' title='bbox 1349 2772 1424 2836; x_wconf 88' lang='lat' dir='ltr'><strong>pro-</strong></span> 
     </span>
     <span class='ocr_line' id='line_1_25' title="bbox 270 2849 1426 2937; baseline 0.002 -20"><span class='ocrx_word' id='word_1_212' title='bbox 270 2850 358 2917; x_wconf 90' lang='lat' dir='ltr'><strong>uerb.</strong></span> <span class='ocrx_word' id='word_1_213' title='bbox 379 2849 435 2933; x_wconf 90' lang='lat' dir='ltr'><strong>IV,</strong></span> <span class='ocrx_word' id='word_1_214' title='bbox 452 2855 492 2915; x_wconf 84' lang='lat'><strong>77</strong></span> <span class='ocrx_word' id='word_1_215' title='bbox 515 2852 623 2917; x_wconf 92' lang='lat' dir='ltr'><strong>tom.I</strong></span> <span class='ocrx_word' id='word_1_216' title='bbox 650 2872 681 2936; x_wconf 91' lang='lat' dir='ltr'><strong>p.</strong></span> <span class='ocrx_word' id='word_1_217' title='bbox 695 2852 769 2928; x_wconf 86' lang='grc'>453)</span> <span class='ocrx_word' id='word_1_218' title='bbox 799 2852 997 2936; x_wconf 89' lang='lat' dir='ltr'><strong>prouerbiali</strong></span> <span class='ocrx_word' id='word_1_219' title='bbox 1026 2872 1121 2919; x_wconf 89' lang='lat' dir='ltr'><strong>sensu</strong></span> <span class='ocrx_word' id='word_1_220' title='bbox 1149 2859 1359 2937; x_wconf 82' lang='lat' dir='ltr'><strong>usurpantur,</strong></span> <span class='ocrx_word' id='word_1_221' title='bbox 1389 2861 1426 2925; x_wconf 86' lang='lat' dir='ltr'><strong>ut</strong></span> 
     </span>
     <span class='ocr_line' id='line_1_26' title="bbox 269 2948 1425 3038; baseline 0.003 -20"><span class='ocrx_word' id='word_1_222' title='bbox 269 2953 328 3018; x_wconf 88' lang='lat' dir='ltr'><strong>illa</strong></span> <span class='ocrx_word' id='word_1_223' title='bbox 349 2948 398 3028; x_wconf 83' lang='grc' dir='ltr'><strong>εἰς</strong></span> <span class='ocrx_word' id='word_1_224' title='bbox 420 2949 528 3037; x_wconf 81' lang='grc' dir='ltr'><em>έρωυα</em></span> <span class='ocrx_word' id='word_1_225' title='bbox 551 2954 679 3019; x_wconf 91' lang='lat' dir='ltr'><strong>omnino</strong></span> <span class='ocrx_word' id='word_1_226' title='bbox 702 2972 943 3037; x_wconf 81' lang='lat' dir='ltr'><strong>superuacanea</strong></span> <span class='ocrx_word' id='word_1_227' title='bbox 964 2953 1150 3038; x_wconf 86' lang='lat' dir='ltr'><strong>uideantur,</strong></span> <span class='ocrx_word' id='word_1_228' title='bbox 1173 2954 1301 3020; x_wconf 86' lang='lat' dir='ltr'><strong>initium</strong></span> <span class='ocrx_word' id='word_1_229' title='bbox 1323 2956 1425 3024; x_wconf 87' lang='lat' dir='ltr'><strong>fuisse</strong></span> 
     </span>
     <span class='ocr_line' id='line_1_27' title="bbox 269 3054 1425 3140; baseline 0.001 -20"><span class='ocrx_word' id='word_1_230' title='bbox 269 3055 420 3122; x_wconf 79' lang='lat' dir='ltr'><strong>carminis</strong></span> <span class='ocrx_word' id='word_1_231' title='bbox 436 3054 620 3121; x_wconf 86' lang='lat' dir='ltr'><strong>Philoxenii</strong></span> <span class='ocrx_word' id='word_1_232' title='bbox 635 3055 773 3121; x_wconf 86' lang='lat' dir='ltr'><strong>oonieoit</strong></span> <span class='ocrx_word' id='word_1_233' title='bbox 785 3075 899 3140; x_wconf 85' lang='lat' dir='ltr'><strong>parum</strong></span> <span class='ocrx_word' id='word_1_234' title='bbox 914 3055 1098 3139; x_wconf 85' lang='lat' dir='ltr'><strong>prudenter,</strong></span> <span class='ocrx_word' id='word_1_235' title='bbox 1121 3061 1156 3121; x_wconf 91' lang='lat' dir='ltr'><strong>ut</strong></span> <span class='ocrx_word' id='word_1_236' title='bbox 1177 3056 1270 3122; x_wconf 93' lang='lat' dir='ltr'><strong>nobis</strong></span> <span class='ocrx_word' id='word_1_237' title='bbox 1291 3056 1425 3124; x_wconf 87' lang='lat' dir='ltr'><strong>uidetur</strong></span> 
     </span>
     <span class='ocr_line' id='line_1_28' title="bbox 271 3155 1422 3243; baseline 0.003 -22"><span class='ocrx_word' id='word_1_238' title='bbox 271 3157 322 3234; x_wconf 87' lang='lat' dir='ltr'><strong>(of.</strong></span> <span class='ocrx_word' id='word_1_239' title='bbox 343 3162 385 3223; x_wconf 89' lang='lat' dir='ltr'><strong>et.</strong></span> <span class='ocrx_word' id='word_1_240' title='bbox 401 3157 496 3243; x_wconf 88' lang='lat' dir='ltr'><strong>Bipp.</strong></span> <span class='ocrx_word' id='word_1_241' title='bbox 511 3178 543 3241; x_wconf 89' lang='lat' dir='ltr'><strong>p.</strong></span> <span class='ocrx_word' id='word_1_242' title='bbox 556 3157 620 3234; x_wconf 86' lang='grc'>45).</span> <span class='ocrx_word' id='word_1_243' title='bbox 658 3157 767 3225; x_wconf 89' lang='lat' dir='ltr'><strong>Potuit</strong></span> <span class='ocrx_word' id='word_1_244' title='bbox 789 3157 874 3223; x_wconf 90' lang='lat' dir='ltr'><strong>enim</strong></span> <span class='ocrx_word' id='word_1_245' title='bbox 896 3155 985 3228; x_wconf 84' lang='lat' dir='ltr'><strong>haee</strong></span> <span class='ocrx_word' id='word_1_246' title='bbox 1000 3156 1108 3223; x_wconf 88' lang='lat' dir='ltr'><strong>dieere</strong></span> <span class='ocrx_word' id='word_1_247' title='bbox 1130 3163 1261 3243; x_wconf 87' lang='lat' dir='ltr'><strong>propter</strong></span> <span class='ocrx_word' id='word_1_248' title='bbox 1283 3159 1422 3242; x_wconf 88' lang='lat' dir='ltr'><strong>primam</strong></span> 
     </span>
     <span class='ocr_line' id='line_1_29' title="bbox 268 3258 1421 3344; baseline 0.003 -23"><span class='ocrx_word' id='word_1_249' title='bbox 268 3277 439 3341; x_wconf 87' lang='lat' dir='ltr'><strong>personam</strong></span> <span class='ocrx_word' id='word_1_250' title='bbox 455 3259 541 3325; x_wconf 88' lang='lat' dir='ltr'><strong>solus</strong></span> <span class='ocrx_word' id='word_1_251' title='bbox 557 3259 627 3343; x_wconf 93' lang='lat' dir='ltr'><strong>ipse</strong></span> <span class='ocrx_word' id='word_1_252' title='bbox 641 3258 839 3326; x_wconf 89' lang='lat' dir='ltr'><strong>Philoxenus</strong></span> <span class='ocrx_word' id='word_1_253' title='bbox 853 3259 875 3323; x_wconf 92' lang='lat' dir='ltr'><strong>i.</strong></span> <span class='ocrx_word' id='word_1_254' title='bbox 889 3277 915 3324; x_wconf 89' lang='lat' dir='ltr'><strong>e.</strong></span> <span class='ocrx_word' id='word_1_255' title='bbox 931 3264 1020 3324; x_wconf 79' lang='lat' dir='ltr'><strong>notor</strong></span> <span class='ocrx_word' id='word_1_256' title='bbox 1035 3259 1114 3341; x_wconf 88' lang='lat' dir='ltr'><strong>eius,</strong></span> <span class='ocrx_word' id='word_1_257' title='bbox 1137 3277 1233 3341; x_wconf 90' lang='lat' dir='ltr'><strong>quem</strong></span> <span class='ocrx_word' id='word_1_258' title='bbox 1256 3259 1289 3323; x_wconf 91' lang='lat' dir='ltr'><strong>in</strong></span> <span class='ocrx_word' id='word_1_259' title='bbox 1311 3259 1421 3344; x_wconf 89' lang='lat' dir='ltr'><strong>dithy-</strong></span> 
     </span>
     <span class='ocr_line' id='line_1_30' title="bbox 267 3359 1421 3444; baseline 0.005 -22"><span class='ocrx_word' id='word_1_260' title='bbox 267 3360 381 3426; x_wconf 87' lang='lat' dir='ltr'><strong>rambo</strong></span> <span class='ocrx_word' id='word_1_261' title='bbox 403 3360 511 3426; x_wconf 85' lang='lat' dir='ltr'><strong>Ulixis</strong></span> <span class='ocrx_word' id='word_1_262' title='bbox 532 3367 640 3442; x_wconf 87' lang='lat' dir='ltr'><strong>partes</strong></span> <span class='ocrx_word' id='word_1_263' title='bbox 663 3361 769 3444; x_wconf 78' lang='lat' dir='ltr'><strong>egIsse</strong></span> <span class='ocrx_word' id='word_1_264' title='bbox 791 3361 918 3443; x_wconf 88' lang='lat' dir='ltr'><strong>seimus,</strong></span> <span class='ocrx_word' id='word_1_265' title='bbox 942 3361 1053 3427; x_wconf 84' lang='lat' dir='ltr'><strong>debuit</strong></span> <span class='ocrx_word' id='word_1_266' title='bbox 1074 3366 1182 3426; x_wconf 85' lang='lat' dir='ltr'><strong>autem</strong></span> <span class='ocrx_word' id='word_1_267' title='bbox 1205 3359 1287 3428; x_wconf 87' lang='lat' dir='ltr'><strong>haee</strong></span> <span class='ocrx_word' id='word_1_268' title='bbox 1310 3360 1421 3428; x_wconf 81' lang='lat' dir='ltr'><strong>dicere</strong></span> 
     </span>
     <span class='ocr_line' id='line_1_31' title="bbox 268 3460 1420 3547; baseline 0.005 -23"><span class='ocrx_word' id='word_1_269' title='bbox 268 3479 334 3524; x_wconf 90' lang='lat' dir='ltr'><strong>non</strong></span> <span class='ocrx_word' id='word_1_270' title='bbox 360 3460 484 3542; x_wconf 82' lang='lat' dir='ltr'><strong>Ulixis,</strong></span> <span class='ocrx_word' id='word_1_271' title='bbox 518 3461 578 3526; x_wconf 85' lang='lat' dir='ltr'><strong>sed</strong></span> <span class='ocrx_word' id='word_1_272' title='bbox 605 3468 722 3545; x_wconf 83' lang='lat' dir='ltr'><strong>poetae</strong></span> <span class='ocrx_word' id='word_1_273' title='bbox 750 3464 887 3529; x_wconf 90' lang='lat' dir='ltr'><strong>nomine.</strong></span> <span class='ocrx_word' id='word_1_274' title='bbox 937 3463 1110 3547; x_wconf 86' lang='lat' dir='ltr'><strong>Prologum</strong></span> <span class='ocrx_word' id='word_1_275' title='bbox 1139 3461 1272 3529; x_wconf 77' lang='lat' dir='ltr'><strong>alterius</strong></span> <span class='ocrx_word' id='word_1_276' title='bbox 1300 3465 1420 3531; x_wconf 84' lang='lat' dir='ltr'><strong>ueteris</strong></span> 
     </span>
     <span class='ocr_line' id='line_1_32' title="bbox 268 3563 1420 3649; baseline 0.003 -24"><span class='ocrx_word' id='word_1_277' title='bbox 268 3565 440 3645; x_wconf 85' lang='lat' dir='ltr'><strong>propterea</strong></span> <span class='ocrx_word' id='word_1_278' title='bbox 461 3567 601 3627; x_wconf 86' lang='lat' dir='ltr'><strong>statuere</strong></span> <span class='ocrx_word' id='word_1_279' title='bbox 622 3565 784 3646; x_wconf 88' lang='lat' dir='ltr'><strong>nolumus,</strong></span> <span class='ocrx_word' id='word_1_280' title='bbox 808 3563 895 3647; x_wconf 90' lang='lat' dir='ltr'><strong>quod</strong></span> <span class='ocrx_word' id='word_1_281' title='bbox 917 3565 1011 3630; x_wconf 90' lang='lat' dir='ltr'><strong>tertia</strong></span> <span class='ocrx_word' id='word_1_282' title='bbox 1032 3571 1107 3630; x_wconf 87' lang='lat' dir='ltr'><strong>tuno</strong></span> <span class='ocrx_word' id='word_1_283' title='bbox 1128 3585 1268 3649; x_wconf 88' lang='lat' dir='ltr'><strong>persona</strong></span> <span class='ocrx_word' id='word_1_284' title='bbox 1290 3569 1420 3647; x_wconf 84' lang='grc' dir='ltr'><em>συμβα-</em></span> 
     </span>
     <span class='ocr_line' id='line_1_33' title="bbox 268 3654 1420 3759; baseline 0.006 -34"><span class='ocrx_word' id='word_1_285' title='bbox 268 3661 376 3726; x_wconf 85' lang='grc' dir='ltr'><em>λεῖται</em></span> <span class='ocrx_word' id='word_1_286' title='bbox 404 3681 447 3728; x_wconf 89' lang='lat' dir='ltr'><strong>se.</strong></span> <span class='ocrx_word' id='word_1_287' title='bbox 471 3654 488 3725; x_wconf 81' lang='grc' dir='ltr'><em>ὃ</em></span> <span class='ocrx_word' id='word_1_288' title='bbox 513 3660 656 3749; x_wconf 89' lang='grc' dir='ltr'><em>ποιητής</em></span> <span class='ocrx_word' id='word_1_289' title='bbox 683 3664 903 3759; x_wconf 79' lang='lat' dir='ltr'><strong>exspectanda</strong></span> <span class='ocrx_word' id='word_1_290' title='bbox 931 3672 1014 3750; x_wconf 86' lang='lat' dir='ltr'><strong>erat,</strong></span> <span class='ocrx_word' id='word_1_291' title='bbox 1042 3667 1070 3733; x_wconf 86' lang='lat' dir='ltr'><strong>si</strong></span> <span class='ocrx_word' id='word_1_292' title='bbox 1099 3666 1176 3749; x_wconf 90' lang='lat' dir='ltr'><strong>quid</strong></span> <span class='ocrx_word' id='word_1_293' title='bbox 1205 3686 1245 3732; x_wconf 89' lang='lat' dir='ltr'><strong>ex</strong></span> <span class='ocrx_word' id='word_1_294' title='bbox 1274 3667 1420 3751; x_wconf 86' lang='lat' dir='ltr'><strong>prologis</strong></span> 
     </span>
     <span class='ocr_line' id='line_1_34' title="bbox 267 3764 1420 3852; baseline 0.003 -21"><span class='ocrx_word' id='word_1_295' title='bbox 267 3764 471 3831; x_wconf 82' lang='lat' dir='ltr'><strong>Terentianis</strong></span> <span class='ocrx_word' id='word_1_296' title='bbox 494 3764 764 3848; x_wconf 68' lang='lat' dir='ltr'><strong>concludendum</strong></span> <span class='ocrx_word' id='word_1_297' title='bbox 793 3766 902 3847; x_wconf 85' lang='lat' dir='ltr'><strong>itaque</strong></span> <span class='ocrx_word' id='word_1_298' title='bbox 923 3774 1033 3832; x_wconf 86' lang='lat' dir='ltr'><strong>manet</strong></span> <span class='ocrx_word' id='word_1_299' title='bbox 1061 3766 1141 3834; x_wconf 88' lang='lat' dir='ltr'><strong>haee</strong></span> <span class='ocrx_word' id='word_1_300' title='bbox 1164 3767 1354 3852; x_wconf 73' lang='lat' dir='ltr'><strong>difficultas,</strong></span> <span class='ocrx_word' id='word_1_301' title='bbox 1384 3775 1420 3834; x_wconf 87' lang='lat' dir='ltr'><strong>ut</strong></span> 
     </span>
     <span class='ocr_line' id='line_1_35' title="bbox 266 3865 1419 3951; baseline 0.003 -19"><span class='ocrx_word' id='word_1_302' title='bbox 266 3866 369 3933; x_wconf 81' lang='lat' dir='ltr'><strong>actori</strong></span> <span class='ocrx_word' id='word_1_303' title='bbox 383 3865 491 3933; x_wconf 83' lang='lat' dir='ltr'><strong>Ulixis</strong></span> <span class='ocrx_word' id='word_1_304' title='bbox 512 3867 650 3950; x_wconf 90' lang='lat' dir='ltr'><strong>primum</strong></span> <span class='ocrx_word' id='word_1_305' title='bbox 671 3882 747 3932; x_wconf 89' lang='lat' dir='ltr'><strong>uere</strong></span> <span class='ocrx_word' id='word_1_306' title='bbox 762 3865 944 3951; x_wconf 88' lang='lat' dir='ltr'><strong>Philoxeni,</strong></span> <span class='ocrx_word' id='word_1_307' title='bbox 968 3865 1085 3935; x_wconf 86' lang='lat' dir='ltr'><strong>deinde</strong></span> <span class='ocrx_word' id='word_1_308' title='bbox 1101 3868 1419 3938; x_wconf 86' lang='lat' dir='ltr'><strong>Pseudo-Philoxeni</strong></span> 
     </span>
     <span class='ocr_line' id='line_1_36' title="bbox 265 3968 772 4053; baseline -0.002 -20"><span class='ocrx_word' id='word_1_309' title='bbox 265 3973 374 4053; x_wconf 85' lang='lat' dir='ltr'><strong>partes</strong></span> <span class='ocrx_word' id='word_1_310' title='bbox 396 3968 602 4036; x_wconf 86' lang='lat' dir='ltr'><strong>sustinendae</strong></span> <span class='ocrx_word' id='word_1_311' title='bbox 624 3969 696 4034; x_wconf 88' lang='lat' dir='ltr'><strong>sint.</strong></span> <span class='ocrx_word' id='word_1_312' title='bbox 770 3983 772 3986; x_wconf 84' lang='lat'>·</span> 
     </span>
    </p>
   </div>
   <div class='ocr_carea' id='block_1_3' title="bbox 0 0 1518 4672">
    <p class='ocr_par' dir='ltr' id='par_1_4' title="bbox 0 0 1518 4672">
     <span class='ocr_line' id='line_1_37' title="bbox 0 0 1518 4672; baseline 0 3"><span class='ocrx_word' id='word_1_313' title='bbox 0 0 1518 4672; x_wconf 95' lang='lat' dir='ltr'><strong> </strong></span> 
     </span>
    </p>
   </div>
  </div>
 </body>
</html>
