<?xml version="1.0" encoding="UTF-8"?>
<!DOCTYPE html PUBLIC "-//W3C//DTD XHTML 1.0 Transitional//EN"
    "http://www.w3.org/TR/xhtml1/DTD/xhtml1-transitional.dtd">
<html xmlns="http://www.w3.org/1999/xhtml" xml:lang="en" lang="en">
 <head>
  <title>
</title>
<meta http-equiv="Content-Type" content="text/html;charset=utf-8" />
  <meta name='ocr-system' content='tesseract 3.04.00' />
  <meta name='ocr-capabilities' content='ocr_page ocr_carea ocr_par ocr_line ocrx_word'/>
</head>
<body>
  <div class='ocr_page' id='page_1' title='image "./depolyphemoetga00hollgoog_0138.png"; bbox 0 0 2998 4674; ppageno 0'>
   <div class='ocr_carea' id='block_1_1' title="bbox 445 245 1222 316">
    <p class='ocr_par' dir='ltr' id='par_1_1' title="bbox 445 245 1222 316">
     <span class='ocr_line' id='line_1_1' title="bbox 445 245 1222 316; baseline 0.006 -16"><span class='ocrx_word' id='word_1_1' title='bbox 445 245 487 300; x_wconf 91' lang='lat' dir='ltr'><strong>De</strong></span> <span class='ocrx_word' id='word_1_2' title='bbox 504 245 668 316; x_wconf 83' lang='lat' dir='ltr'><strong>Polyphemo</strong></span> <span class='ocrx_word' id='word_1_3' title='bbox 687 249 714 301; x_wconf 90' lang='lat' dir='ltr'><strong>et</strong></span> <span class='ocrx_word' id='word_1_4' title='bbox 733 247 855 302; x_wconf 80' lang='lat' dir='ltr'><strong>Galatea.</strong></span> <span class='ocrx_word' id='word_1_5' title='bbox 1162 246 1222 305; x_wconf 81' lang='lat'><strong>265</strong></span> 
     </span>
    </p>
   </div>
   <div class='ocr_carea' id='block_1_2' title="bbox 23 416 1224 1432">
    <p class='ocr_par' dir='ltr' id='par_1_2' title="bbox 23 416 1224 1432">
     <span class='ocr_line' id='line_1_2' title="bbox 84 416 1224 506; baseline 0.004 -22"><span class='ocrx_word' id='word_1_6' title='bbox 84 419 165 484; x_wconf 90' lang='lat' dir='ltr'><strong>cuius</strong></span> <span class='ocrx_word' id='word_1_7' title='bbox 188 416 343 487; x_wconf 89' lang='lat' dir='ltr'><strong>rhetorici</strong></span> <span class='ocrx_word' id='word_1_8' title='bbox 365 422 493 487; x_wconf 88' lang='lat' dir='ltr'><strong>artificii</strong></span> <span class='ocrx_word' id='word_1_9' title='bbox 521 422 692 504; x_wconf 85' lang='lat' dir='ltr'><strong>uestigium</strong></span> <span class='ocrx_word' id='word_1_10' title='bbox 715 428 821 488; x_wconf 85' lang='lat' dir='ltr'><strong>exstat</strong></span> <span class='ocrx_word' id='word_1_11' title='bbox 841 423 906 487; x_wconf 86' lang='lat' dir='ltr'><strong>iam</strong></span> <span class='ocrx_word' id='word_1_12' title='bbox 928 419 1016 505; x_wconf 89' lang='lat' dir='ltr'><strong>apud</strong></span> <span class='ocrx_word' id='word_1_13' title='bbox 1037 421 1224 506; x_wconf 84' lang='lat' dir='ltr'>Euripidem</span> 
     </span>
     <span class='ocr_line' id='line_1_3' title="bbox 82 514 955 608; baseline 0.002 -24"><span class='ocrx_word' id='word_1_14' title='bbox 82 540 107 584; x_wconf 91' lang='lat' dir='ltr'><strong>u.</strong></span> <span class='ocrx_word' id='word_1_15' title='bbox 123 523 199 584; x_wconf 82' lang='lat'><strong>249:</strong></span> <span class='ocrx_word' id='word_1_16' title='bbox 228 520 363 607; x_wconf 81' lang='grc' dir='ltr'><em>χρόνιος</em></span> <span class='ocrx_word' id='word_1_17' title='bbox 386 515 417 587; x_wconf 85' lang='lat' dir='ltr'><strong>d&#39;</strong></span> <span class='ocrx_word' id='word_1_18' title='bbox 444 515 512 606; x_wconf 77' lang='grc' dir='ltr'><em>εἴμ’</em></span> <span class='ocrx_word' id='word_1_19' title='bbox 539 514 602 587; x_wconf 73' lang='grc' dir='ltr'><strong>ἀπ’</strong></span> <span class='ocrx_word' id='word_1_20' title='bbox 629 515 821 608; x_wconf 72' lang='grc' dir='ltr'><strong><em>ἀνθρώπων</em></strong></span> <span class='ocrx_word' id='word_1_21' title='bbox 842 525 955 608; x_wconf 79' lang='grc' dir='ltr'><strong><em>βορᾶς.</em></strong></span> 
     </span>
     <span class='ocr_line' id='line_1_4' title="bbox 158 624 1222 711; baseline 0.002 -21"><span class='ocrx_word' id='word_1_22' title='bbox 158 625 230 692; x_wconf 89' lang='lat' dir='ltr'><strong>Ncc</strong></span> <span class='ocrx_word' id='word_1_23' title='bbox 253 627 357 692; x_wconf 92' lang='lat' dir='ltr'><strong>minus</strong></span> <span class='ocrx_word' id='word_1_24' title='bbox 377 625 539 693; x_wconf 85' lang='lat' dir='ltr'>rhetorum</span> <span class='ocrx_word' id='word_1_25' title='bbox 555 628 639 710; x_wconf 87' lang='lat' dir='ltr'><strong>sapit</strong></span> <span class='ocrx_word' id='word_1_26' title='bbox 654 626 857 711; x_wconf 81' lang='lat' dir='ltr'><strong>disciplinam</strong></span> <span class='ocrx_word' id='word_1_27' title='bbox 872 624 1129 708; x_wconf 85' lang='lat' dir='ltr'><strong>Ouidianamque</strong></span> <span class='ocrx_word' id='word_1_28' title='bbox 1149 647 1222 692; x_wconf 90' lang='lat' dir='ltr'><strong>oon-</strong></span> 
     </span>
     <span class='ocr_line' id='line_1_5' title="bbox 80 726 1223 814; baseline 0.003 -22"><span class='ocrx_word' id='word_1_29' title='bbox 80 726 278 795; x_wconf 80' lang='lat' dir='ltr'><strong>suetudinem</strong></span> <span class='ocrx_word' id='word_1_30' title='bbox 294 728 446 814; x_wconf 81' lang='lat' dir='ltr'><strong>Gyclopis</strong></span> <span class='ocrx_word' id='word_1_31' title='bbox 468 749 656 812; x_wconf 89' lang='lat' dir='ltr'><strong>responsum</strong></span> <span class='ocrx_word' id='word_1_32' title='bbox 678 750 730 795; x_wconf 88' lang='lat' dir='ltr'><strong>uu.</strong></span> <span class='ocrx_word' id='word_1_33' title='bbox 744 733 805 793; x_wconf 84' lang='grc'><strong>774</strong></span> <span class='ocrx_word' id='word_1_34' title='bbox 814 748 894 811; x_wconf 66' lang='lat' dir='ltr'><strong>sqq„</strong></span> <span class='ocrx_word' id='word_1_35' title='bbox 919 748 982 811; x_wconf 89' lang='lat' dir='ltr'><strong>quo</strong></span> <span class='ocrx_word' id='word_1_36' title='bbox 997 729 1121 794; x_wconf 82' lang='lat' dir='ltr'><strong>&#39;Polemi</strong></span> <span class='ocrx_word' id='word_1_37' title='bbox 1144 732 1223 796; x_wconf 86' lang='lat' dir='ltr'><strong>uati·</strong></span> 
     </span>
     <span class='ocr_line' id='line_1_6' title="bbox 23 797 1223 916; baseline 0.003 -22"><span class='ocrx_word' id='word_1_38' title='bbox 23 797 25 878; x_wconf 59' lang='lat' dir='ltr'><strong>i</strong></span> <span class='ocrx_word' id='word_1_39' title='bbox 80 831 191 895; x_wconf 86' lang='lat' dir='ltr'><strong>oinium</strong></span> <span class='ocrx_word' id='word_1_40' title='bbox 210 831 256 898; x_wconf 87' lang='lat' dir='ltr'><strong>ad</strong></span> <span class='ocrx_word' id='word_1_41' title='bbox 272 831 408 898; x_wconf 89' lang='lat' dir='ltr'><strong>nitidam</strong></span> <span class='ocrx_word' id='word_1_42' title='bbox 430 832 665 916; x_wconf 90' lang='lat' dir='ltr'><strong>oppositionem</strong></span> <span class='ocrx_word' id='word_1_43' title='bbox 688 833 770 897; x_wconf 91' lang='lat' dir='ltr'><strong>inter</strong></span> <span class='ocrx_word' id='word_1_44' title='bbox 792 831 873 898; x_wconf 88' lang='lat' dir='ltr'><strong>duas</strong></span> <span class='ocrx_word' id='word_1_45' title='bbox 894 832 1040 896; x_wconf 91' lang='lat' dir='ltr'><strong>notiones</strong></span> <span class='ocrx_word' id='word_1_46' title='bbox 1062 832 1153 896; x_wconf 88' lang='lat' dir='ltr'><strong>uerbi</strong></span> <span class='ocrx_word' id='word_1_47' title='bbox 1175 853 1223 898; x_wconf 90' lang='lat' dir='ltr'><strong>ra-</strong></span> 
     </span>
     <span class='ocr_line' id='line_1_7' title="bbox 23 885 1223 1042; baseline 0.003 -46"><span class='ocrx_word' id='word_1_48' title='bbox 23 885 25 1042; x_wconf 50' lang='grc' dir='ltr'>ὲ</span> <span class='ocrx_word' id='word_1_49' title='bbox 79 933 182 1013; x_wconf 90' lang='lat' dir='ltr'><strong>piendi</strong></span> <span class='ocrx_word' id='word_1_50' title='bbox 197 935 364 1017; x_wconf 84' lang='lat' dir='ltr'><strong>propriam</strong></span> <span class='ocrx_word' id='word_1_51' title='bbox 379 941 411 1000; x_wconf 94' lang='lat' dir='ltr'><strong>et</strong></span> <span class='ocrx_word' id='word_1_52' title='bbox 425 935 611 1000; x_wconf 78' lang='lat' dir='ltr'><strong>translatam</strong></span> <span class='ocrx_word' id='word_1_53' title='bbox 625 935 793 1001; x_wconf 92' lang='lat' dir='ltr'><strong>inuertitur</strong></span> <span class='ocrx_word' id='word_1_54' title='bbox 805 936 835 1010; x_wconf 85' lang='grc'><strong>1).</strong></span> <span class='ocrx_word' id='word_1_55' title='bbox 869 932 976 1015; x_wconf 80' lang='lat' dir='ltr'><strong>Atque</strong></span> <span class='ocrx_word' id='word_1_56' title='bbox 998 932 1078 1000; x_wconf 86' lang='lat' dir='ltr'><strong>haec</strong></span> <span class='ocrx_word' id='word_1_57' title='bbox 1093 935 1223 1016; x_wconf 88' lang='lat' dir='ltr'><strong>quidem</strong></span> 
     </span>
     <span class='ocr_line' id='line_1_8' title="bbox 23 1033 1223 1122; baseline 0.006 -24"><span class='ocrx_word' id='word_1_58' title='bbox 23 1033 32 1072; x_wconf 68' lang='lat'><strong>³¹</strong></span> <span class='ocrx_word' id='word_1_59' title='bbox 78 1040 106 1098; x_wconf 89' lang='lat' dir='ltr'><strong>et</strong></span> <span class='ocrx_word' id='word_1_60' title='bbox 120 1035 199 1102; x_wconf 91' lang='lat' dir='ltr'><strong>talia</strong></span> <span class='ocrx_word' id='word_1_61' title='bbox 215 1056 276 1102; x_wconf 89' lang='lat' dir='ltr'><strong>sua</strong></span> <span class='ocrx_word' id='word_1_62' title='bbox 290 1056 332 1101; x_wconf 87' lang='lat' dir='ltr'><strong>cx</strong></span> <span class='ocrx_word' id='word_1_63' title='bbox 348 1035 501 1104; x_wconf 69' lang='lat' dir='ltr'><strong>faoulmte</strong></span> <span class='ocrx_word' id='word_1_64' title='bbox 518 1039 647 1122; x_wconf 87' lang='lat' dir='ltr'><strong>poetica</strong></span> <span class='ocrx_word' id='word_1_65' title='bbox 661 1037 853 1120; x_wconf 87' lang='lat' dir='ltr'><strong>disciplinae</strong></span> <span class='ocrx_word' id='word_1_66' title='bbox 874 1035 1055 1102; x_wconf 90' lang='lat' dir='ltr'><strong>rhetoricae</strong></span> <span class='ocrx_word' id='word_1_67' title='bbox 1076 1039 1223 1105; x_wconf 84' lang='lat' dir='ltr'><strong>alumnus</strong></span> 
     </span>
     <span class='ocr_line' id='line_1_9' title="bbox 77 1137 1224 1224; baseline 0.005 -23"><span class='ocrx_word' id='word_1_68' title='bbox 77 1143 177 1218; x_wconf 87' lang='lat' dir='ltr'><strong>potest</strong></span> <span class='ocrx_word' id='word_1_69' title='bbox 191 1137 378 1204; x_wconf 83' lang='lat' dir='ltr'><strong>addidisse:</strong></span> <span class='ocrx_word' id='word_1_70' title='bbox 401 1144 508 1204; x_wconf 86' lang='lat' dir='ltr'><strong>tamen</strong></span> <span class='ocrx_word' id='word_1_71' title='bbox 522 1141 717 1208; x_wconf 89' lang='lat' dir='ltr'><strong>relincuntur</strong></span> <span class='ocrx_word' id='word_1_72' title='bbox 732 1140 886 1206; x_wconf 90' lang='lat' dir='ltr'><strong>nonnulla</strong></span> <span class='ocrx_word' id='word_1_73' title='bbox 907 1139 954 1204; x_wconf 90' lang='lat' dir='ltr'><strong>ita</strong></span> <span class='ocrx_word' id='word_1_74' title='bbox 972 1146 1166 1224; x_wconf 88' lang='lat' dir='ltr'><strong>comparata,</strong></span> <span class='ocrx_word' id='word_1_75' title='bbox 1190 1148 1224 1207; x_wconf 91' lang='lat' dir='ltr'><strong>ut</strong></span> 
     </span>
     <span class='ocr_line' id='line_1_10' title="bbox 77 1241 1018 1325; baseline 0.004 -23"><span class='ocrx_word' id='word_1_76' title='bbox 77 1241 291 1323; x_wconf 75' lang='lat' dir='ltr'><strong>suspicionem</strong></span> <span class='ocrx_word' id='word_1_77' title='bbox 313 1248 473 1325; x_wconf 86' lang='lat' dir='ltr'><strong>moueant,</strong></span> <span class='ocrx_word' id='word_1_78' title='bbox 496 1262 536 1308; x_wconf 90' lang='lat' dir='ltr'><strong>ne</strong></span> <span class='ocrx_word' id='word_1_79' title='bbox 559 1243 623 1308; x_wconf 86' lang='lat' dir='ltr'><strong>alio</strong></span> <span class='ocrx_word' id='word_1_80' title='bbox 646 1264 687 1309; x_wconf 87' lang='lat' dir='ltr'><strong>ex</strong></span> <span class='ocrx_word' id='word_1_81' title='bbox 710 1241 826 1309; x_wconf 92' lang='lat' dir='ltr'><strong>horreo</strong></span> <span class='ocrx_word' id='word_1_82' title='bbox 848 1241 1018 1325; x_wconf 88' lang='lat' dir='ltr'><strong>acceperit.</strong></span> 
     </span>
     <span class='ocr_line' id='line_1_11' title="bbox 23 1325 1222 1432; baseline 0.008 -30"><span class='ocrx_word' id='word_1_83' title='bbox 23 1325 25 1402; x_wconf 77' lang='lat' dir='ltr'><strong>l</strong></span> <span class='ocrx_word' id='word_1_84' title='bbox 156 1341 316 1410; x_wconf 85' lang='lat' dir='ltr'><strong>Subtilius</strong></span> <span class='ocrx_word' id='word_1_85' title='bbox 332 1345 416 1409; x_wconf 91' lang='lat' dir='ltr'><strong>enim</strong></span> <span class='ocrx_word' id='word_1_86' title='bbox 430 1351 465 1409; x_wconf 91' lang='lat' dir='ltr'><strong>ut</strong></span> <span class='ocrx_word' id='word_1_87' title='bbox 479 1344 619 1410; x_wconf 92' lang='lat' dir='ltr'><strong>uidimus</strong></span> <span class='ocrx_word' id='word_1_88' title='bbox 634 1364 730 1426; x_wconf 92' lang='lat' dir='ltr'><strong>quam</strong></span> <span class='ocrx_word' id='word_1_89' title='bbox 746 1337 1112 1411; x_wconf 76' lang='lat' dir='ltr'><strong>Theocritea&#39;Ouidiana</strong></span> <span class='ocrx_word' id='word_1_90' title='bbox 1127 1346 1222 1432; x_wconf 88' lang='lat' dir='ltr'><strong>Poly-</strong></span> 
     </span>
    </p>
   </div>
   <div class='ocr_carea' id='block_1_3' title="bbox 76 1442 1222 1533">
    <p class='ocr_par' dir='ltr' id='par_1_3' title="bbox 76 1442 1222 1533">
     <span class='ocr_line' id='line_1_12' title="bbox 76 1442 1222 1533; baseline 0.006 -25"><span class='ocrx_word' id='word_1_91' title='bbox 76 1442 181 1526; x_wconf 91' lang='lat' dir='ltr'><strong>phemi</strong></span> <span class='ocrx_word' id='word_1_92' title='bbox 213 1447 322 1530; x_wconf 85' lang='lat' dir='ltr'><strong>imago</strong></span> <span class='ocrx_word' id='word_1_93' title='bbox 345 1447 378 1511; x_wconf 92' lang='lat' dir='ltr'><strong>in</strong></span> <span class='ocrx_word' id='word_1_94' title='bbox 400 1448 495 1513; x_wconf 89' lang='lat' dir='ltr'><strong>certis</strong></span> <span class='ocrx_word' id='word_1_95' title='bbox 519 1446 710 1530; x_wconf 89' lang='lat' dir='ltr'><strong>quibusdam</strong></span> <span class='ocrx_word' id='word_1_96' title='bbox 732 1447 827 1512; x_wconf 89' lang='lat' dir='ltr'><strong>rebus</strong></span> <span class='ocrx_word' id='word_1_97' title='bbox 851 1447 1016 1512; x_wconf 87' lang='lat' dir='ltr'><strong>elaborata</strong></span> <span class='ocrx_word' id='word_1_98' title='bbox 1037 1468 1222 1533; x_wconf 88' lang='lat' dir='ltr'><strong>repraesen-</strong></span> 
     </span>
    </p>
   </div>
   <div class='ocr_carea' id='block_1_4' title="bbox 76 1547 1400 1632">
    <p class='ocr_par' dir='ltr' id='par_1_4' title="bbox 76 1547 1400 1632">
     <span class='ocr_line' id='line_1_13' title="bbox 76 1547 1400 1632; baseline 0.006 -22"><span class='ocrx_word' id='word_1_99' title='bbox 76 1553 171 1631; x_wconf 85' lang='lat' dir='ltr'><strong>tatur,</strong></span> <span class='ocrx_word' id='word_1_100' title='bbox 201 1550 236 1613; x_wconf 94' lang='lat' dir='ltr'><strong>in</strong></span> <span class='ocrx_word' id='word_1_101' title='bbox 259 1549 374 1631; x_wconf 89' lang='lat' dir='ltr'><strong>quibus</strong></span> <span class='ocrx_word' id='word_1_102' title='bbox 395 1570 598 1615; x_wconf 87' lang='lat' dir='ltr'><strong>numeramus</strong></span> <span class='ocrx_word' id='word_1_103' title='bbox 627 1549 771 1614; x_wconf 87' lang='lat' dir='ltr'><strong>habitum</strong></span> <span class='ocrx_word' id='word_1_104' title='bbox 794 1547 945 1632; x_wconf 81' lang='lat' dir='ltr'><strong>Cyclopis</strong></span> <span class='ocrx_word' id='word_1_105' title='bbox 974 1548 1017 1614; x_wconf 90' lang='lat' dir='ltr'><strong>ad</strong></span> <span class='ocrx_word' id='word_1_106' title='bbox 1045 1549 1223 1617; x_wconf 86' lang='lat' dir='ltr'><strong>canendum</strong></span> <span class='ocrx_word' id='word_1_107' title='bbox 1306 1549 1308 1554; x_wconf 72' lang='grc'><strong>’</strong></span> <span class='ocrx_word' id='word_1_108' title='bbox 1394 1571 1400 1586; x_wconf 59' lang='grc'><strong>“</strong></span> 
     </span>
    </p>
   </div>
   <div class='ocr_carea' id='block_1_5' title="bbox 23 1649 1222 3273">
    <p class='ocr_par' dir='ltr' id='par_1_5' title="bbox 23 1647 1222 3273">
     <span class='ocr_line' id='line_1_14' title="bbox 76 1649 1222 1736; baseline 0.006 -24.691"><span class='ocrx_word' id='word_1_109' title='bbox 76 1649 261 1734; x_wconf 90' lang='lat' dir='ltr'><strong>residentis,</strong></span> <span class='ocrx_word' id='word_1_110' title='bbox 290 1650 538 1735; x_wconf 79' lang='lat' dir='ltr'><strong>descriptionem</strong></span> <span class='ocrx_word' id='word_1_111' title='bbox 561 1653 593 1716; x_wconf 92' lang='lat' dir='ltr'><strong>in</strong></span> <span class='ocrx_word' id='word_1_112' title='bbox 614 1671 703 1717; x_wconf 88' lang='lat' dir='ltr'><strong>marc</strong></span> <span class='ocrx_word' id='word_1_113' title='bbox 731 1651 870 1735; x_wconf 90' lang='lat' dir='ltr'><strong>porrecti</strong></span> <span class='ocrx_word' id='word_1_114' title='bbox 900 1652 992 1717; x_wconf 94' lang='lat' dir='ltr'><strong>collis</strong></span> <span class='ocrx_word' id='word_1_115' title='bbox 1020 1671 1072 1716; x_wconf 91' lang='lat' dir='ltr'><strong>uu.</strong></span> <span class='ocrx_word' id='word_1_116' title='bbox 1090 1654 1151 1715; x_wconf 85' lang='lat'><strong>778</strong></span> <span class='ocrx_word' id='word_1_117' title='bbox 1164 1673 1222 1736; x_wconf 65' lang='lat' dir='ltr'><strong>sq„</strong></span> 
     </span>
     <span class='ocr_line' id='line_1_15' title="bbox 23 1749 1222 1838; baseline 0.008 -28"><span class='ocrx_word' id='word_1_118' title='bbox 23 1753 25 1810; x_wconf 68' lang='grc' dir='ltr'><strong><em>ἓ</em></strong></span> <span class='ocrx_word' id='word_1_119' title='bbox 76 1749 198 1827; x_wconf 85' lang='lat' dir='ltr'><strong>fistulae</strong></span> <span class='ocrx_word' id='word_1_120' title='bbox 226 1759 354 1819; x_wconf 90' lang='lat' dir='ltr'><strong>centum</strong></span> <span class='ocrx_word' id='word_1_121' title='bbox 378 1773 419 1818; x_wconf 85' lang='lat' dir='ltr'><strong>ex</strong></span> <span class='ocrx_word' id='word_1_122' title='bbox 442 1756 552 1820; x_wconf 91' lang='lat' dir='ltr'><strong>oannis</strong></span> <span class='ocrx_word' id='word_1_123' title='bbox 575 1755 772 1838; x_wconf 89' lang='lat' dir='ltr'><strong>compositae</strong></span> <span class='ocrx_word' id='word_1_124' title='bbox 801 1773 831 1818; x_wconf 89' lang='lat' dir='ltr'><strong>u.</strong></span> <span class='ocrx_word' id='word_1_125' title='bbox 845 1755 924 1836; x_wconf 80' lang='lat'><strong>784,</strong></span> <span class='ocrx_word' id='word_1_126' title='bbox 953 1753 1060 1818; x_wconf 91' lang='lat' dir='ltr'><strong>baculi</strong></span> <span class='ocrx_word' id='word_1_127' title='bbox 1089 1756 1222 1820; x_wconf 91' lang='lat' dir='ltr'><strong>mentio·</strong></span> 
     </span>
     <span class='ocr_line' id='line_1_16' title="bbox 76 1854 1221 1944; baseline 0.007 -27.646"><span class='ocrx_word' id='word_1_128' title='bbox 76 1873 142 1919; x_wconf 92' lang='lat' dir='ltr'><strong>nem</strong></span> <span class='ocrx_word' id='word_1_129' title='bbox 159 1857 223 1920; x_wconf 81' lang='lat'><strong>782</strong></span> <span class='ocrx_word' id='word_1_130' title='bbox 232 1875 280 1938; x_wconf 88' lang='lat' dir='ltr'><strong>sq.</strong></span> <span class='ocrx_word' id='word_1_131' title='bbox 317 1856 416 1922; x_wconf 90' lang='lat' dir='ltr'><strong>Porro</strong></span> <span class='ocrx_word' id='word_1_132' title='bbox 432 1855 545 1922; x_wconf 92' lang='lat' dir='ltr'><strong>horum</strong></span> <span class='ocrx_word' id='word_1_133' title='bbox 566 1877 716 1924; x_wconf 91' lang='lat' dir='ltr'><strong>uersuum</strong></span> <span class='ocrx_word' id='word_1_134' title='bbox 739 1857 929 1922; x_wconf 88' lang='lat' dir='ltr'><strong>sententiam</strong></span> <span class='ocrx_word' id='word_1_135' title='bbox 951 1856 993 1920; x_wconf 90' lang='lat' dir='ltr'><strong>ab</strong></span> <span class='ocrx_word' id='word_1_136' title='bbox 1009 1854 1127 1923; x_wconf 87' lang='lat' dir='ltr'><strong>Ouidio</strong></span> <span class='ocrx_word' id='word_1_137' title='bbox 1149 1879 1221 1944; x_wconf 91' lang='lat' dir='ltr'><strong>pro-</strong></span> 
     </span>
     <span class='ocr_line' id='line_1_17' title="bbox 23 1949 634 2042; baseline 0.01 -24"><span class='ocrx_word' id='word_1_138' title='bbox 23 1949 25 2042; x_wconf 80' lang='lat' dir='ltr'><strong>l</strong></span> <span class='ocrx_word' id='word_1_139' title='bbox 76 1955 188 2024; x_wconf 87' lang='lat' dir='ltr'><strong>sectam</strong></span> <span class='ocrx_word' id='word_1_140' title='bbox 210 1959 456 2025; x_wconf 79' lang='lat' dir='ltr'><strong>concredimus</strong></span> <span class='ocrx_word' id='word_1_141' title='bbox 480 1961 541 2022; x_wconf 83' lang='grc'><strong>764</strong></span> <span class='ocrx_word' id='word_1_142' title='bbox 549 1979 634 2042; x_wconf 90' lang='lat' dir='ltr'><strong>sqq.:</strong></span> 
     </span>
     <span class='ocr_line' id='line_1_18' title="bbox 177 2060 1135 2146; baseline 0.001 -20"><span class='ocrx_word' id='word_1_143' title='bbox 177 2062 307 2144; x_wconf 89' lang='lat' dir='ltr'><strong>iamque</strong></span> <span class='ocrx_word' id='word_1_144' title='bbox 330 2060 389 2125; x_wconf 92' lang='lat' dir='ltr'><strong>tibi</strong></span> <span class='ocrx_word' id='word_1_145' title='bbox 411 2061 548 2145; x_wconf 89' lang='lat' dir='ltr'><strong>formae,</strong></span> <span class='ocrx_word' id='word_1_146' title='bbox 571 2063 700 2146; x_wconf 87' lang='lat' dir='ltr'><strong>iamque</strong></span> <span class='ocrx_word' id='word_1_147' title='bbox 723 2063 851 2129; x_wconf 88' lang='lat' dir='ltr'><strong>esttibi</strong></span> <span class='ocrx_word' id='word_1_148' title='bbox 873 2082 950 2128; x_wconf 91' lang='lat' dir='ltr'><strong>cura</strong></span> <span class='ocrx_word' id='word_1_149' title='bbox 971 2062 1135 2145; x_wconf 88' lang='lat' dir='ltr'><strong>placendi,</strong></span> 
     </span>
     <span class='ocr_line' id='line_1_19' title="bbox 178 2161 1076 2248; baseline 0.001 -20"><span class='ocrx_word' id='word_1_150' title='bbox 178 2165 244 2230; x_wconf 90' lang='lat' dir='ltr'><strong>iarn</strong></span> <span class='ocrx_word' id='word_1_151' title='bbox 265 2161 387 2246; x_wconf 81' lang='lat' dir='ltr'><strong>rigidos</strong></span> <span class='ocrx_word' id='word_1_152' title='bbox 409 2164 512 2246; x_wconf 86' lang='lat' dir='ltr'><strong>pectis</strong></span> <span class='ocrx_word' id='word_1_153' title='bbox 534 2167 661 2248; x_wconf 89' lang='lat' dir='ltr'><strong>rastris,</strong></span> <span class='ocrx_word' id='word_1_154' title='bbox 684 2163 902 2248; x_wconf 87' lang='lat' dir='ltr'><strong>Polypheme,</strong></span> <span class='ocrx_word' id='word_1_155' title='bbox 924 2163 1076 2246; x_wconf 89' lang='lat' dir='ltr'><strong>capillos,</strong></span> 
     </span>
     <span class='ocr_line' id='line_1_20' title="bbox 177 2264 1029 2332; baseline 0 -2"><span class='ocrx_word' id='word_1_156' title='bbox 177 2267 243 2331; x_wconf 90' lang='lat' dir='ltr'><strong>iam</strong></span> <span class='ocrx_word' id='word_1_157' title='bbox 265 2265 344 2331; x_wconf 92' lang='lat' dir='ltr'><strong>libet</strong></span> <span class='ocrx_word' id='word_1_158' title='bbox 366 2264 520 2330; x_wconf 90' lang='lat' dir='ltr'><strong>hirsutam</strong></span> <span class='ocrx_word' id='word_1_159' title='bbox 542 2267 601 2331; x_wconf 95' lang='lat' dir='ltr'><strong>tibi</strong></span> <span class='ocrx_word' id='word_1_160' title='bbox 623 2267 708 2332; x_wconf 88' lang='lat' dir='ltr'><strong>falce</strong></span> <span class='ocrx_word' id='word_1_161' title='bbox 729 2266 874 2332; x_wconf 91' lang='lat' dir='ltr'><strong>recidere</strong></span> <span class='ocrx_word' id='word_1_162' title='bbox 896 2265 1029 2330; x_wconf 88' lang='lat' dir='ltr'><strong>barbam</strong></span> 
     </span>
     <span class='ocr_line' id='line_1_21' title="bbox 179 2368 1052 2452; baseline 0 -20"><span class='ocrx_word' id='word_1_163' title='bbox 179 2374 211 2432; x_wconf 94' lang='lat' dir='ltr'><strong>et</strong></span> <span class='ocrx_word' id='word_1_164' title='bbox 233 2374 378 2452; x_wconf 89' lang='lat' dir='ltr'><strong>spectare</strong></span> <span class='ocrx_word' id='word_1_165' title='bbox 401 2368 486 2434; x_wconf 86' lang='lat' dir='ltr'><strong>feros</strong></span> <span class='ocrx_word' id='word_1_166' title='bbox 508 2369 541 2431; x_wconf 93' lang='lat' dir='ltr'><strong>in</strong></span> <span class='ocrx_word' id='word_1_167' title='bbox 562 2388 648 2450; x_wconf 87' lang='lat' dir='ltr'><strong>aqua</strong></span> <span class='ocrx_word' id='word_1_168' title='bbox 670 2376 702 2435; x_wconf 89' lang='lat' dir='ltr'><strong>et</strong></span> <span class='ocrx_word' id='word_1_169' title='bbox 723 2387 915 2452; x_wconf 87' lang='lat' dir='ltr'><strong>componere</strong></span> <span class='ocrx_word' id='word_1_170' title='bbox 936 2368 1052 2433; x_wconf 89' lang='lat' dir='ltr'><strong>uultus.</strong></span> 
     </span>
     <span class='ocr_line' id='line_1_22' title="bbox 23 2467 1219 2560; baseline 0.008 -29"><span class='ocrx_word' id='word_1_171' title='bbox 23 2555 24 2560; x_wconf 5' lang='grc' dir='ltr'>ἵ</span> <span class='ocrx_word' id='word_1_172' title='bbox 75 2467 256 2554; x_wconf 79' lang='lat' dir='ltr'><strong>Tantoperc</strong></span> <span class='ocrx_word' id='word_1_173' title='bbox 274 2472 359 2536; x_wconf 92' lang='lat' dir='ltr'><strong>enim</strong></span> <span class='ocrx_word' id='word_1_174' title='bbox 382 2469 464 2535; x_wconf 89' lang='lat' dir='ltr'><strong>haec</strong></span> <span class='ocrx_word' id='word_1_175' title='bbox 486 2472 677 2537; x_wconf 89' lang='lat' dir='ltr'><strong>sententiola</strong></span> <span class='ocrx_word' id='word_1_176' title='bbox 699 2490 776 2555; x_wconf 88' lang='lat' dir='ltr'><strong>prae</strong></span> <span class='ocrx_word' id='word_1_177' title='bbox 799 2489 834 2535; x_wconf 90' lang='lat' dir='ltr'><strong>sc</strong></span> <span class='ocrx_word' id='word_1_178' title='bbox 856 2469 918 2535; x_wconf 84' lang='lat' dir='ltr'><strong>fert</strong></span> <span class='ocrx_word' id='word_1_179' title='bbox 939 2490 1049 2536; x_wconf 88' lang='lat' dir='ltr'><strong>omncs</strong></span> <span class='ocrx_word' id='word_1_180' title='bbox 1071 2492 1219 2540; x_wconf 89' lang='lat' dir='ltr'><strong>numeros</strong></span> 
     </span>
     <span class='ocr_line' id='line_1_23' title="bbox 75 2571 1219 2657; baseline 0.008 -24"><span class='ocrx_word' id='word_1_181' title='bbox 75 2574 151 2639; x_wconf 89' lang='lat' dir='ltr'><strong>artis</strong></span> <span class='ocrx_word' id='word_1_182' title='bbox 165 2571 415 2655; x_wconf 84' lang='lat' dir='ltr'><strong>Alexandrinae,</strong></span> <span class='ocrx_word' id='word_1_183' title='bbox 440 2579 474 2638; x_wconf 94' lang='lat' dir='ltr'><strong>ut</strong></span> <span class='ocrx_word' id='word_1_184' title='bbox 495 2574 609 2655; x_wconf 90' lang='lat' dir='ltr'><strong>quouis</strong></span> <span class='ocrx_word' id='word_1_185' title='bbox 624 2573 758 2657; x_wconf 84' lang='lat' dir='ltr'><strong>pignore</strong></span> <span class='ocrx_word' id='word_1_186' title='bbox 774 2571 968 2638; x_wconf 89' lang='lat' dir='ltr'><strong>affirmemus</strong></span> <span class='ocrx_word' id='word_1_187' title='bbox 983 2572 1058 2639; x_wconf 90' lang='lat' dir='ltr'><strong>inde</strong></span> <span class='ocrx_word' id='word_1_188' title='bbox 1074 2575 1143 2642; x_wconf 89' lang='lat' dir='ltr'><strong>eius</strong></span> <span class='ocrx_word' id='word_1_189' title='bbox 1159 2578 1219 2642; x_wconf 89' lang='lat' dir='ltr'><strong>ori·</strong></span> 
     </span>
     <span class='ocr_line' id='line_1_24' title="bbox 23 2674 1219 2759; baseline 0.003 -22"><span class='ocrx_word' id='word_1_190' title='bbox 23 2707 25 2752; x_wconf 59' lang='lat'>1</span> <span class='ocrx_word' id='word_1_191' title='bbox 76 2675 181 2753; x_wconf 83' lang='lat' dir='ltr'><strong>ginem</strong></span> <span class='ocrx_word' id='word_1_192' title='bbox 200 2675 408 2757; x_wconf 88' lang='lat' dir='ltr'><strong>repetendam</strong></span> <span class='ocrx_word' id='word_1_193' title='bbox 424 2696 504 2759; x_wconf 88' lang='lat' dir='ltr'><strong>esse,</strong></span> <span class='ocrx_word' id='word_1_194' title='bbox 528 2677 589 2742; x_wconf 91' lang='lat' dir='ltr'><strong>etsi</strong></span> <span class='ocrx_word' id='word_1_195' title='bbox 610 2682 721 2742; x_wconf 87' lang='lat' dir='ltr'><strong>auctor</strong></span> <span class='ocrx_word' id='word_1_196' title='bbox 743 2675 930 2740; x_wconf 91' lang='lat' dir='ltr'><strong>nominatim</strong></span> <span class='ocrx_word' id='word_1_197' title='bbox 951 2674 1077 2741; x_wconf 86' lang='lat' dir='ltr'><strong>laudari</strong></span> <span class='ocrx_word' id='word_1_198' title='bbox 1098 2679 1219 2759; x_wconf 90' lang='lat' dir='ltr'><strong>nequit.</strong></span> 
     </span>
     <span class='ocr_line' id='line_1_25' title="bbox 156 2777 1219 2862; baseline 0.001 -20"><span class='ocrx_word' id='word_1_199' title='bbox 156 2778 216 2844; x_wconf 93' lang='lat' dir='ltr'><strong>His</strong></span> <span class='ocrx_word' id='word_1_200' title='bbox 239 2777 374 2845; x_wconf 85' lang='lat' dir='ltr'><strong>fortasse</strong></span> <span class='ocrx_word' id='word_1_201' title='bbox 396 2779 490 2861; x_wconf 89' lang='lat' dir='ltr'><strong>plura</strong></span> <span class='ocrx_word' id='word_1_202' title='bbox 511 2777 644 2862; x_wconf 85' lang='lat' dir='ltr'><strong>adiungi</strong></span> <span class='ocrx_word' id='word_1_203' title='bbox 666 2785 815 2862; x_wconf 89' lang='lat' dir='ltr'><strong>possunt,</strong></span> <span class='ocrx_word' id='word_1_204' title='bbox 844 2777 926 2842; x_wconf 94' lang='lat' dir='ltr'><strong>nihil</strong></span> <span class='ocrx_word' id='word_1_205' title='bbox 948 2783 1013 2842; x_wconf 89' lang='lat' dir='ltr'><strong>tam</strong></span> <span class='ocrx_word' id='word_1_206' title='bbox 1035 2780 1219 2861; x_wconf 87' lang='lat' dir='ltr'><strong>probabile:</strong></span> 
     </span>
     <span class='ocr_line' id='line_1_26' title="bbox 77 2878 1220 2962; baseline 0.003 -21"><span class='ocrx_word' id='word_1_207' title='bbox 77 2898 111 2944; x_wconf 86' lang='lat' dir='ltr'><strong>ea</strong></span> <span class='ocrx_word' id='word_1_208' title='bbox 133 2901 210 2946; x_wconf 92' lang='lat' dir='ltr'><strong>uero</strong></span> <span class='ocrx_word' id='word_1_209' title='bbox 234 2899 317 2962; x_wconf 89' lang='lat' dir='ltr'><strong>quae</strong></span> <span class='ocrx_word' id='word_1_210' title='bbox 338 2881 501 2945; x_wconf 89' lang='lat' dir='ltr'><strong>attulimus</strong></span> <span class='ocrx_word' id='word_1_211' title='bbox 522 2881 587 2946; x_wconf 88' lang='lat' dir='ltr'><strong>alio</strong></span> <span class='ocrx_word' id='word_1_212' title='bbox 610 2901 651 2946; x_wconf 85' lang='lat' dir='ltr'><strong>ex</strong></span> <span class='ocrx_word' id='word_1_213' title='bbox 674 2881 761 2947; x_wconf 90' lang='lat' dir='ltr'><strong>fonte</strong></span> <span class='ocrx_word' id='word_1_214' title='bbox 784 2886 857 2946; x_wconf 91' lang='lat' dir='ltr'><strong>sunt</strong></span> <span class='ocrx_word' id='word_1_215' title='bbox 878 2878 1063 2961; x_wconf 82' lang='lat' dir='ltr'><strong>oriunda²);</strong></span> <span class='ocrx_word' id='word_1_216' title='bbox 1092 2879 1220 2962; x_wconf 90' lang='lat' dir='ltr'><strong>siquid</strong></span> 
     </span>
     <span class='ocr_line' id='line_1_27' title="bbox 76 2980 1218 3050; baseline 0.002 -6"><span class='ocrx_word' id='word_1_217' title='bbox 76 2983 225 3047; x_wconf 86' lang='lat' dir='ltr'><strong>sentimus</strong></span> <span class='ocrx_word' id='word_1_218' title='bbox 254 3016 295 3025; x_wconf 93' lang='lat'>-</span> <span class='ocrx_word' id='word_1_219' title='bbox 324 2989 356 3050; x_wconf 85' lang='lat' dir='ltr'><strong>ct</strong></span> <span class='ocrx_word' id='word_1_220' title='bbox 384 2983 492 3048; x_wconf 89' lang='lat' dir='ltr'><strong>sensui</strong></span> <span class='ocrx_word' id='word_1_221' title='bbox 522 2981 574 3050; x_wconf 94' lang='lat' dir='ltr'><strong>hic</strong></span> <span class='ocrx_word' id='word_1_222' title='bbox 603 2983 735 3049; x_wconf 88' lang='lat' dir='ltr'><strong>credere</strong></span> <span class='ocrx_word' id='word_1_223' title='bbox 763 2984 860 3048; x_wconf 86' lang='lat' dir='ltr'><strong>liceat</strong></span> <span class='ocrx_word' id='word_1_224' title='bbox 881 2980 1103 3047; x_wconf 88' lang='lat' dir='ltr'><strong>deficientibus</strong></span> <span class='ocrx_word' id='word_1_225' title='bbox 1131 2983 1218 3048; x_wconf 90' lang='lat' dir='ltr'><strong>testi-</strong></span> 
     </span>
     <span class='ocr_line' id='line_1_28' title="bbox 76 3082 1218 3170; baseline 0.003 -23"><span class='ocrx_word' id='word_1_226' title='bbox 76 3086 188 3150; x_wconf 88' lang='lat' dir='ltr'><strong>moniis</strong></span> <span class='ocrx_word' id='word_1_227' title='bbox 210 3119 251 3128; x_wconf 90' lang='lat'>—</span> <span class='ocrx_word' id='word_1_228' title='bbox 273 3083 494 3150; x_wconf 84' lang='lat' dir='ltr'><strong>Alexandrina</strong></span> <span class='ocrx_word' id='word_1_229' title='bbox 516 3106 557 3151; x_wconf 86' lang='lat' dir='ltr'><strong>ex</strong></span> <span class='ocrx_word' id='word_1_230' title='bbox 579 3092 703 3170; x_wconf 88' lang='lat' dir='ltr'><strong>aetate,</strong></span> <span class='ocrx_word' id='word_1_231' title='bbox 733 3086 823 3150; x_wconf 91' lang='lat' dir='ltr'><strong>cuius</strong></span> <span class='ocrx_word' id='word_1_232' title='bbox 845 3089 958 3168; x_wconf 90' lang='lat' dir='ltr'><strong>poetas</strong></span> <span class='ocrx_word' id='word_1_233' title='bbox 987 3082 1036 3148; x_wconf 90' lang='lat' dir='ltr'><strong>his</strong></span> <span class='ocrx_word' id='word_1_234' title='bbox 1065 3084 1098 3147; x_wconf 94' lang='lat' dir='ltr'><strong>in</strong></span> <span class='ocrx_word' id='word_1_235' title='bbox 1124 3085 1218 3150; x_wconf 91' lang='lat' dir='ltr'><strong>rebus</strong></span> 
     </span>
     <span class='ocr_line' id='line_1_29' title="bbox 77 3183 1218 3273; baseline 0.003 -25"><span class='ocrx_word' id='word_1_236' title='bbox 77 3187 258 3254; x_wconf 77' lang='lat' dir='ltr'><strong>excolendis</strong></span> <span class='ocrx_word' id='word_1_237' title='bbox 273 3187 445 3269; x_wconf 91' lang='lat' dir='ltr'><strong>plurimum</strong></span> <span class='ocrx_word' id='word_1_238' title='bbox 460 3188 557 3254; x_wconf 90' lang='lat' dir='ltr'><strong>studii</strong></span> <span class='ocrx_word' id='word_1_239' title='bbox 572 3188 719 3273; x_wconf 89' lang='lat' dir='ltr'><strong>posuisse</strong></span> <span class='ocrx_word' id='word_1_240' title='bbox 734 3191 867 3252; x_wconf 89' lang='lat' dir='ltr'><strong>constat.</strong></span> <span class='ocrx_word' id='word_1_241' title='bbox 904 3185 999 3251; x_wconf 89' lang='lat' dir='ltr'><strong>Nunc</strong></span> <span class='ocrx_word' id='word_1_242' title='bbox 1021 3185 1099 3250; x_wconf 84' lang='lat' dir='ltr'><strong>satis</strong></span> <span class='ocrx_word' id='word_1_243' title='bbox 1121 3183 1218 3251; x_wconf 86' lang='lat' dir='ltr'><strong>habe-</strong></span> 
     </span>
    </p>
   </div>
   <div class='ocr_carea' id='block_1_6' title="bbox 76 3286 1220 3373">
    <p class='ocr_par' dir='ltr' id='par_1_6' title="bbox 76 3286 1220 3373">
     <span class='ocr_line' id='line_1_30' title="bbox 76 3286 1220 3373; baseline 0.002 -20"><span class='ocrx_word' id='word_1_244' title='bbox 76 3307 142 3356; x_wconf 88' lang='lat' dir='ltr'><strong>mus</strong></span> <span class='ocrx_word' id='word_1_245' title='bbox 157 3290 307 3357; x_wconf 86' lang='lat' dir='ltr'><strong>statuisse</strong></span> <span class='ocrx_word' id='word_1_246' title='bbox 322 3290 421 3356; x_wconf 94' lang='lat' dir='ltr'><strong>alium</strong></span> <span class='ocrx_word' id='word_1_247' title='bbox 437 3297 563 3373; x_wconf 90' lang='lat' dir='ltr'><strong>praeter</strong></span> <span class='ocrx_word' id='word_1_248' title='bbox 578 3288 784 3355; x_wconf 80' lang='lat' dir='ltr'><strong>Theocritum</strong></span> <span class='ocrx_word' id='word_1_249' title='bbox 800 3286 981 3354; x_wconf 84' lang='lat' dir='ltr'><strong>adhibitum</strong></span> <span class='ocrx_word' id='word_1_250' title='bbox 996 3307 1067 3354; x_wconf 85' lang='lat' dir='ltr'><strong>esse</strong></span> <span class='ocrx_word' id='word_1_251' title='bbox 1084 3308 1105 3353; x_wconf 87' lang='lat' dir='ltr'><strong>a</strong></span> <span class='ocrx_word' id='word_1_252' title='bbox 1122 3296 1220 3372; x_wconf 91' lang='lat' dir='ltr'><strong>poeta</strong></span> 
     </span>
    </p>
   </div>
   <div class='ocr_carea' id='block_1_7' title="bbox 76 3505 1219 4092">
    <p class='ocr_par' dir='ltr' id='par_1_7' title="bbox 76 3505 1219 3921">
     <span class='ocr_line' id='line_1_31' title="bbox 161 3505 1219 3579; baseline 0.002 -16"><span class='ocrx_word' id='word_1_253' title='bbox 161 3514 185 3574; x_wconf 90' lang='lat'><strong>1)</strong></span> <span class='ocrx_word' id='word_1_254' title='bbox 203 3509 311 3564; x_wconf 87' lang='lat' dir='ltr'><strong>Habent</strong></span> <span class='ocrx_word' id='word_1_255' title='bbox 328 3509 357 3561; x_wconf 94' lang='lat' dir='ltr'><strong>in</strong></span> <span class='ocrx_word' id='word_1_256' title='bbox 374 3508 476 3562; x_wconf 88' lang='lat' dir='ltr'><strong>deliciis</strong></span> <span class='ocrx_word' id='word_1_257' title='bbox 493 3507 640 3576; x_wconf 83' lang='lat' dir='ltr'><strong>scriptores</strong></span> <span class='ocrx_word' id='word_1_258' title='bbox 657 3505 751 3561; x_wconf 89' lang='lat' dir='ltr'><strong>erotici</strong></span> <span class='ocrx_word' id='word_1_259' title='bbox 768 3507 868 3563; x_wconf 89' lang='lat' dir='ltr'><strong>amoris</strong></span> <span class='ocrx_word' id='word_1_260' title='bbox 885 3507 940 3562; x_wconf 93' lang='lat' dir='ltr'><strong>uim</strong></span> <span class='ocrx_word' id='word_1_261' title='bbox 958 3524 1019 3562; x_wconf 90' lang='lat' dir='ltr'><strong>cum</strong></span> <span class='ocrx_word' id='word_1_262' title='bbox 1036 3508 1091 3563; x_wconf 84' lang='lat' dir='ltr'><strong>alia</strong></span> <span class='ocrx_word' id='word_1_263' title='bbox 1109 3526 1219 3579; x_wconf 86' lang='lat' dir='ltr'><strong>compa·</strong></span> 
     </span>
     <span class='ocr_line' id='line_1_32' title="bbox 76 3591 1216 3663; baseline 0.003 -18"><span class='ocrx_word' id='word_1_264' title='bbox 76 3598 163 3650; x_wconf 87' lang='lat' dir='ltr'><strong>rantes</strong></span> <span class='ocrx_word' id='word_1_265' title='bbox 175 3595 258 3649; x_wconf 88' lang='lat' dir='ltr'><strong>multo</strong></span> <span class='ocrx_word' id='word_1_266' title='bbox 271 3595 399 3648; x_wconf 81' lang='lat' dir='ltr'><strong>maiorem</strong></span> <span class='ocrx_word' id='word_1_267' title='bbox 412 3593 483 3648; x_wconf 90' lang='lat' dir='ltr'><strong>illius</strong></span> <span class='ocrx_word' id='word_1_268' title='bbox 495 3591 685 3647; x_wconf 86' lang='lat' dir='ltr'><strong>auctoritatem</strong></span> <span class='ocrx_word' id='word_1_269' title='bbox 701 3608 824 3661; x_wconf 88' lang='lat' dir='ltr'><strong>premere</strong></span> <span class='ocrx_word' id='word_1_270' title='bbox 842 3593 877 3648; x_wconf 82' lang='lat' dir='ltr'><strong>cf.</strong></span> <span class='ocrx_word' id='word_1_271' title='bbox 891 3595 960 3648; x_wconf 86' lang='lat' dir='ltr'><strong>Ach.</strong></span> <span class='ocrx_word' id='word_1_272' title='bbox 970 3593 1031 3647; x_wconf 85' lang='lat' dir='ltr'><strong>Tat.</strong></span> <span class='ocrx_word' id='word_1_273' title='bbox 1050 3611 1077 3663; x_wconf 93' lang='lat' dir='ltr'><strong>p.</strong></span> <span class='ocrx_word' id='word_1_274' title='bbox 1088 3598 1145 3662; x_wconf 85' lang='grc'><strong>116,</strong></span> <span class='ocrx_word' id='word_1_275' title='bbox 1155 3598 1216 3662; x_wconf 87' lang='lat' dir='ltr'><strong>3sq.</strong></span> 
     </span>
     <span class='ocr_line' id='line_1_33' title="bbox 76 3673 1218 3748; baseline 0 -17"><span class='ocrx_word' id='word_1_276' title='bbox 76 3677 186 3734; x_wconf 75' lang='lat' dir='ltr'><strong>Horeb:</strong></span> <span class='ocrx_word' id='word_1_277' title='bbox 206 3682 251 3732; x_wconf 80' lang='grc' dir='ltr'><strong>ἐπὶ</strong></span> <span class='ocrx_word' id='word_1_278' title='bbox 269 3675 422 3748; x_wconf 75' lang='grc' dir='ltr'><strong><em>πόλεμον</em></strong></span> <span class='ocrx_word' id='word_1_279' title='bbox 439 3680 489 3732; x_wconf 78' lang='grc' dir='ltr'><strong>νῦν</strong></span> <span class='ocrx_word' id='word_1_280' title='bbox 504 3675 675 3746; x_wconf 70' lang='grc' dir='ltr'><strong><em>ἐξαλεῦσομαν</em></strong></span> <span class='ocrx_word' id='word_1_281' title='bbox 692 3673 885 3745; x_wconf 75' lang='grc' dir='ltr'><strong><em>βουκόλων·</em></strong></span> <span class='ocrx_word' id='word_1_282' title='bbox 903 3675 985 3731; x_wconf 76' lang='grc' dir='ltr'><strong><em>ἔνδον</em></strong></span> <span class='ocrx_word' id='word_1_283' title='bbox 1001 3698 1053 3748; x_wconf 83' lang='grc' dir='ltr'><strong>μου</strong></span> <span class='ocrx_word' id='word_1_284' title='bbox 1070 3679 1117 3746; x_wconf 69' lang='grc' dir='ltr'><strong>τῆς</strong></span> <span class='ocrx_word' id='word_1_285' title='bbox 1134 3679 1218 3748; x_wconf 67' lang='grc' dir='ltr'><strong><em>ψυχῆς</em></strong></span> 
     </span>
     <span class='ocr_line' id='line_1_34' title="bbox 77 3757 1216 3835; baseline 0.001 -22"><span class='ocrx_word' id='word_1_286' title='bbox 77 3761 173 3818; x_wconf 76' lang='grc' dir='ltr'><em>ἄλλος</em></span> <span class='ocrx_word' id='word_1_287' title='bbox 190 3763 339 3834; x_wconf 65' lang='grc' dir='ltr'><strong><em>πόλεμον</em></strong></span> <span class='ocrx_word' id='word_1_288' title='bbox 355 3761 485 3830; x_wconf 68' lang='grc' dir='ltr'><strong>κάθηται,</strong></span> <span class='ocrx_word' id='word_1_289' title='bbox 512 3764 639 3820; x_wconf 73' lang='lat' dir='ltr'><strong>Eustatb.</strong></span> <span class='ocrx_word' id='word_1_290' title='bbox 654 3763 692 3818; x_wconf 87' lang='lat' dir='ltr'><strong>M.</strong></span> <span class='ocrx_word' id='word_1_291' title='bbox 706 3779 733 3834; x_wconf 88' lang='lat' dir='ltr'><strong>p.</strong></span> <span class='ocrx_word' id='word_1_292' title='bbox 746 3767 804 3830; x_wconf 83' lang='lat'>230,</span> <span class='ocrx_word' id='word_1_293' title='bbox 814 3769 910 3834; x_wconf 82' lang='lat' dir='ltr'><strong>dsqq.:</strong></span> <span class='ocrx_word' id='word_1_294' title='bbox 930 3760 1099 3835; x_wconf 71' lang='grc' dir='ltr'><strong><em>ἡπαρθένοσ</em></strong></span> <span class='ocrx_word' id='word_1_295' title='bbox 1109 3792 1142 3800; x_wconf 93' lang='grc'>-</span> <span class='ocrx_word' id='word_1_296' title='bbox 1154 3757 1216 3815; x_wconf 79' lang='lat' dir='ltr'><strong>ddu-</strong></span> 
     </span>
     <span class='ocr_line' id='line_1_35' title="bbox 77 3845 1024 3921; baseline 0.002 -20"><span class='ocrx_word' id='word_1_297' title='bbox 77 3847 218 3921; x_wconf 74' lang='lat' dir='ltr'><strong>vppr&#39;rrepov</strong></span> <span class='ocrx_word' id='word_1_298' title='bbox 234 3847 299 3902; x_wconf 75' lang='grc' dir='ltr'><strong>ἄλλο</strong></span> <span class='ocrx_word' id='word_1_299' title='bbox 316 3854 362 3902; x_wconf 82' lang='grc' dir='ltr'><strong>καὶ</strong></span> <span class='ocrx_word' id='word_1_300' title='bbox 378 3848 534 3920; x_wconf 81' lang='grc' dir='ltr'><strong><em>βιαιότερον</em></strong></span> <span class='ocrx_word' id='word_1_301' title='bbox 550 3845 669 3921; x_wconf 77' lang='grc' dir='ltr'><em>ἐξῆγειρὲ</em></span> <span class='ocrx_word' id='word_1_302' title='bbox 684 3870 731 3918; x_wconf 80' lang='grc' dir='ltr'><strong>μοι</strong></span> <span class='ocrx_word' id='word_1_303' title='bbox 748 3846 900 3903; x_wconf 72' lang='grc' dir='ltr'><strong><em>κλυδώνιον</em></strong></span> <span class='ocrx_word' id='word_1_304' title='bbox 917 3849 951 3903; x_wconf 80' lang='lat' dir='ltr'><strong>al.</strong></span> <span class='ocrx_word' id='word_1_305' title='bbox 1020 3870 1024 3877; x_wconf 81' lang='grc'>’</span> 
     </span>
    </p>

    <p class='ocr_par' dir='ltr' id='par_1_8' title="bbox 76 3930 1215 4092">
     <span class='ocr_line' id='line_1_36' title="bbox 158 3930 1215 4008; baseline -0.003 -18"><span class='ocrx_word' id='word_1_306' title='bbox 158 3941 184 4002; x_wconf 84' lang='lat'><strong>2)</strong></span> <span class='ocrx_word' id='word_1_307' title='bbox 203 3935 293 3990; x_wconf 88' lang='lat' dir='ltr'><strong>Ouidii</strong></span> <span class='ocrx_word' id='word_1_308' title='bbox 316 3930 499 3989; x_wconf 83' lang='lat' dir='ltr'><strong>‘aemulatoris</strong></span> <span class='ocrx_word' id='word_1_309' title='bbox 523 3931 673 3991; x_wconf 85' lang='lat' dir='ltr'><strong>Theocriti²</strong></span> <span class='ocrx_word' id='word_1_310' title='bbox 698 3936 803 4008; x_wconf 82' lang='lat' dir='ltr'><strong>ingenio</strong></span> <span class='ocrx_word' id='word_1_311' title='bbox 827 3935 943 4004; x_wconf 86' lang='lat' dir='ltr'><strong>imputat</strong></span> <span class='ocrx_word' id='word_1_312' title='bbox 960 3930 1152 3987; x_wconf 83' lang='lat' dir='ltr'><strong>Washietelius</strong></span> <span class='ocrx_word' id='word_1_313' title='bbox 1168 3932 1215 3988; x_wconf 81' lang='lat' dir='ltr'><strong>l.l‚</strong></span> 
     </span>
     <span class='ocr_line' id='line_1_37' title="bbox 76 4025 300 4092; baseline -0.022 -14"><span class='ocrx_word' id='word_1_314' title='bbox 76 4037 99 4090; x_wconf 89' lang='lat' dir='ltr'><strong>p.</strong></span> <span class='ocrx_word' id='word_1_315' title='bbox 111 4026 156 4078; x_wconf 76' lang='lat'><strong>127</strong></span> <span class='ocrx_word' id='word_1_316' title='bbox 164 4037 222 4092; x_wconf 85' lang='lat' dir='ltr'><strong>sqq.</strong></span> <span class='ocrx_word' id='word_1_317' title='bbox 243 4025 300 4074; x_wconf 81' lang='lat'><strong>134.</strong></span> 
     </span>
    </p>
   </div>
   <div class='ocr_carea' id='block_1_8' title="bbox 0 0 1508 4674">
    <p class='ocr_par' dir='ltr' id='par_1_9' title="bbox 0 0 1508 4674">
     <span class='ocr_line' id='line_1_38' title="bbox 0 0 1508 4674; baseline 0 0"><span class='ocrx_word' id='word_1_318' title='bbox 0 0 1508 4674; x_wconf 95' lang='lat' dir='ltr'><strong> </strong></span> 
     </span>
    </p>
   </div>
  </div>
 </body>
</html>
