<?xml version="1.0" encoding="UTF-8"?>
<!DOCTYPE html PUBLIC "-//W3C//DTD XHTML 1.0 Transitional//EN"
    "http://www.w3.org/TR/xhtml1/DTD/xhtml1-transitional.dtd">
<html xmlns="http://www.w3.org/1999/xhtml" xml:lang="en" lang="en">
 <head>
  <title>
</title>
<meta http-equiv="Content-Type" content="text/html;charset=utf-8" />
  <meta name='ocr-system' content='tesseract 3.04.00' />
  <meta name='ocr-capabilities' content='ocr_page ocr_carea ocr_par ocr_line ocrx_word'/>
</head>
<body>
  <div class='ocr_page' id='page_1' title='image "./depolyphemoetga00hollgoog_0014.png"; bbox 0 0 3028 4672; ppageno 0'>
   <div class='ocr_carea' id='block_1_1' title="bbox 483 1015 852 1102">
    <p class='ocr_par' dir='ltr' id='par_1_1' title="bbox 483 1015 852 1102">
     <span class='ocr_line' id='line_1_1' title="bbox 483 1015 852 1102; baseline -0.005 -2"><span class='ocrx_word' id='word_1_1' title='bbox 483 1015 852 1102; x_wconf 79' lang='lat' dir='ltr'><strong>PthhlllllllNllh.</strong></span> 
     </span>
    </p>
   </div>
   <div class='ocr_carea' id='block_1_2' title="bbox 87 1289 1248 1888">
    <p class='ocr_par' dir='ltr' id='par_1_2' title="bbox 87 1289 1248 1888">
     <span class='ocr_line' id='line_1_2' title="bbox 175 1289 1248 1376; baseline 0.001 -18"><span class='ocrx_word' id='word_1_2' title='bbox 175 1292 413 1376; x_wconf 83' lang='lat' dir='ltr'><strong>Philolcgicam</strong></span> <span class='ocrx_word' id='word_1_3' title='bbox 446 1290 667 1373; x_wconf 81' lang='lat' dir='ltr'><strong>inscripsimus</strong></span> <span class='ocrx_word' id='word_1_4' title='bbox 701 1289 783 1356; x_wconf 91' lang='lat' dir='ltr'><strong>hanc</strong></span> <span class='ocrx_word' id='word_1_5' title='bbox 816 1292 1135 1376; x_wconf 79' lang='lat' dir='ltr'><strong>commentationem,</strong></span> <span class='ocrx_word' id='word_1_6' title='bbox 1170 1293 1248 1376; x_wconf 91' lang='lat' dir='ltr'><strong>quia</strong></span> 
     </span>
     <span class='ocr_line' id='line_1_3' title="bbox 87 1390 1246 1482; baseline -0.003 -18"><span class='ocrx_word' id='word_1_7' title='bbox 87 1397 221 1482; x_wconf 91' lang='lat' dir='ltr'><strong>lepidae</strong></span> <span class='ocrx_word' id='word_1_8' title='bbox 242 1395 384 1461; x_wconf 86' lang='lat' dir='ltr'><strong>fabellae</strong></span> <span class='ocrx_word' id='word_1_9' title='bbox 406 1391 448 1458; x_wconf 94' lang='lat' dir='ltr'><strong>de</strong></span> <span class='ocrx_word' id='word_1_10' title='bbox 470 1390 673 1474; x_wconf 89' lang='lat' dir='ltr'><strong>Polyphemo</strong></span> <span class='ocrx_word' id='word_1_11' title='bbox 700 1398 732 1457; x_wconf 92' lang='lat' dir='ltr'><strong>et</strong></span> <span class='ocrx_word' id='word_1_12' title='bbox 753 1391 891 1457; x_wconf 81' lang='lat' dir='ltr'>Galatea</span> <span class='ocrx_word' id='word_1_13' title='bbox 918 1393 952 1457; x_wconf 91' lang='lat' dir='ltr'><strong>in</strong></span> <span class='ocrx_word' id='word_1_14' title='bbox 980 1395 1073 1476; x_wconf 89' lang='lat' dir='ltr'><strong>poesi</strong></span> <span class='ocrx_word' id='word_1_15' title='bbox 1100 1391 1246 1460; x_wconf 85' lang='lat' dir='ltr'><strong>ueterum</strong></span> 
     </span>
     <span class='ocr_line' id='line_1_4' title="bbox 89 1492 1245 1582; baseline -0.003 -18"><span class='ocrx_word' id='word_1_16' title='bbox 89 1499 246 1582; x_wconf 90' lang='lat' dir='ltr'><strong>reliquiis,</strong></span> <span class='ocrx_word' id='word_1_17' title='bbox 269 1515 350 1578; x_wconf 90' lang='lat' dir='ltr'><strong>quas</strong></span> <span class='ocrx_word' id='word_1_18' title='bbox 364 1493 507 1559; x_wconf 90' lang='lat' dir='ltr'><strong>nondum</strong></span> <span class='ocrx_word' id='word_1_19' title='bbox 525 1493 635 1557; x_wconf 90' lang='lat' dir='ltr'><strong>subtili</strong></span> <span class='ocrx_word' id='word_1_20' title='bbox 657 1492 827 1574; x_wconf 85' lang='lat' dir='ltr'><strong>diligentia</strong></span> <span class='ocrx_word' id='word_1_21' title='bbox 849 1493 1025 1576; x_wconf 90' lang='lat' dir='ltr'><strong>criticoque</strong></span> <span class='ocrx_word' id='word_1_22' title='bbox 1047 1495 1167 1561; x_wconf 91' lang='lat' dir='ltr'><strong>iudicio</strong></span> <span class='ocrx_word' id='word_1_23' title='bbox 1192 1508 1245 1561; x_wconf 81' lang='lat' dir='ltr'><strong>ex-</strong></span> 
     </span>
     <span class='ocr_line' id='line_1_5' title="bbox 88 1594 1245 1685; baseline -0.003 -19"><span class='ocrx_word' id='word_1_24' title='bbox 88 1602 236 1685; x_wconf 91' lang='lat' dir='ltr'><strong>plicatas,</strong></span> <span class='ocrx_word' id='word_1_25' title='bbox 260 1596 458 1678; x_wconf 90' lang='lat' dir='ltr'><strong>emendatas,</strong></span> <span class='ocrx_word' id='word_1_26' title='bbox 481 1599 693 1678; x_wconf 91' lang='lat' dir='ltr'><strong>comparatas,</strong></span> <span class='ocrx_word' id='word_1_27' title='bbox 717 1595 881 1678; x_wconf 84' lang='lat' dir='ltr'><strong>suppletas</strong></span> <span class='ocrx_word' id='word_1_28' title='bbox 901 1594 1061 1679; x_wconf 90' lang='lat' dir='ltr'><strong>uidemus,</strong></span> <span class='ocrx_word' id='word_1_29' title='bbox 1085 1596 1169 1663; x_wconf 90' lang='lat' dir='ltr'><strong>hanc</strong></span> <span class='ocrx_word' id='word_1_30' title='bbox 1192 1617 1245 1663; x_wconf 92' lang='lat' dir='ltr'><strong>cu-</strong></span> 
     </span>
     <span class='ocr_line' id='line_1_6' title="bbox 87 1694 1245 1783; baseline -0.004 -15"><span class='ocrx_word' id='word_1_31' title='bbox 87 1723 156 1768; x_wconf 92' lang='lat' dir='ltr'><strong>ram</strong></span> <span class='ocrx_word' id='word_1_32' title='bbox 172 1699 498 1783; x_wconf 83' lang='lat' dir='ltr'><strong>quantulamcumque</strong></span> <span class='ocrx_word' id='word_1_33' title='bbox 520 1694 695 1761; x_wconf 90' lang='lat' dir='ltr'><strong>admouere</strong></span> <span class='ocrx_word' id='word_1_34' title='bbox 716 1696 912 1762; x_wconf 85' lang='lat' dir='ltr'><strong>conabimur.</strong></span> <span class='ocrx_word' id='word_1_35' title='bbox 946 1697 1052 1781; x_wconf 85' lang='lat' dir='ltr'><strong>Atque</strong></span> <span class='ocrx_word' id='word_1_36' title='bbox 1075 1697 1132 1763; x_wconf 95' lang='lat' dir='ltr'><strong>illo</strong></span> <span class='ocrx_word' id='word_1_37' title='bbox 1152 1699 1245 1764; x_wconf 91' lang='lat' dir='ltr'><strong>titulo</strong></span> 
     </span>
     <span class='ocr_line' id='line_1_7' title="bbox 87 1795 1246 1888; baseline -0.003 -19"><span class='ocrx_word' id='word_1_38' title='bbox 87 1805 222 1888; x_wconf 88' lang='lat' dir='ltr'><strong>paulum</strong></span> <span class='ocrx_word' id='word_1_39' title='bbox 237 1801 408 1882; x_wconf 87' lang='lat' dir='ltr'><strong>seiungere</strong></span> <span class='ocrx_word' id='word_1_40' title='bbox 423 1797 584 1862; x_wconf 93' lang='lat' dir='ltr'><strong>uoluimus</strong></span> <span class='ocrx_word' id='word_1_41' title='bbox 606 1795 886 1880; x_wconf 88' lang='lat' dir='ltr'><strong>archaeologicam</strong></span> <span class='ocrx_word' id='word_1_42' title='bbox 910 1817 993 1881; x_wconf 92' lang='lat' dir='ltr'><strong>quae</strong></span> <span class='ocrx_word' id='word_1_43' title='bbox 1015 1798 1134 1865; x_wconf 92' lang='lat' dir='ltr'><strong>dicitur</strong></span> <span class='ocrx_word' id='word_1_44' title='bbox 1154 1800 1246 1865; x_wconf 89' lang='lat' dir='ltr'><strong>fabu-</strong></span> 
     </span>
    </p>
   </div>
   <div class='ocr_carea' id='block_1_3' title="bbox 84 1898 1248 3403">
    <p class='ocr_par' dir='ltr' id='par_1_3' title="bbox 84 1898 1248 3403">
     <span class='ocr_line' id='line_1_8' title="bbox 86 1898 1246 1982; baseline -0.002 -12"><span class='ocrx_word' id='word_1_45' title='bbox 86 1906 138 1970; x_wconf 89' lang='lat' dir='ltr'><strong>lae</strong></span> <span class='ocrx_word' id='word_1_46' title='bbox 154 1903 381 1969; x_wconf 89' lang='lat' dir='ltr'><strong>tractationem</strong></span> <span class='ocrx_word' id='word_1_47' title='bbox 393 1919 458 1965; x_wconf 90' lang='lat' dir='ltr'><strong>nou</strong></span> <span class='ocrx_word' id='word_1_48' title='bbox 472 1917 603 1982; x_wconf 86' lang='lat' dir='ltr'><strong>prorsus</strong></span> <span class='ocrx_word' id='word_1_49' title='bbox 619 1898 822 1965; x_wconf 88' lang='lat' dir='ltr'><strong>secludentes</strong></span> <span class='ocrx_word' id='word_1_50' title='bbox 841 1899 972 1982; x_wconf 92' lang='lat' dir='ltr'><strong>quidem</strong></span> <span class='ocrx_word' id='word_1_51' title='bbox 994 1900 1079 1967; x_wconf 90' lang='lat' dir='ltr'><strong>hanc</strong></span> <span class='ocrx_word' id='word_1_52' title='bbox 1100 1909 1246 1968; x_wconf 89' lang='lat' dir='ltr'><strong>ueterum</strong></span> 
     </span>
     <span class='ocr_line' id='line_1_9' title="bbox 86 2001 1246 2089; baseline -0.003 -17"><span class='ocrx_word' id='word_1_53' title='bbox 86 2005 210 2089; x_wconf 89' lang='lat' dir='ltr'><strong>ingenii</strong></span> <span class='ocrx_word' id='word_1_54' title='bbox 238 2007 364 2087; x_wconf 89' lang='lat' dir='ltr'><strong>partem</strong></span> <span class='ocrx_word' id='word_1_55' title='bbox 389 2001 533 2081; x_wconf 88' lang='lat' dir='ltr'><strong>artisque</strong></span> <span class='ocrx_word' id='word_1_56' title='bbox 561 2001 710 2083; x_wconf 87' lang='lat' dir='ltr'><strong>poeticae</strong></span> <span class='ocrx_word' id='word_1_57' title='bbox 740 2002 982 2087; x_wconf 88' lang='lat' dir='ltr'><strong>recuperandae</strong></span> <span class='ocrx_word' id='word_1_58' title='bbox 1010 2003 1132 2069; x_wconf 86' lang='lat' dir='ltr'><strong>fontem</strong></span> <span class='ocrx_word' id='word_1_59' title='bbox 1155 2005 1246 2069; x_wconf 86' lang='lat' dir='ltr'><strong>inex-</strong></span> 
     </span>
     <span class='ocr_line' id='line_1_10' title="bbox 87 2101 1248 2188; baseline -0.003 -16"><span class='ocrx_word' id='word_1_60' title='bbox 87 2107 249 2188; x_wconf 90' lang='lat' dir='ltr'><strong>haustum,</strong></span> <span class='ocrx_word' id='word_1_61' title='bbox 272 2110 380 2169; x_wconf 92' lang='lat' dir='ltr'><strong>tamen</strong></span> <span class='ocrx_word' id='word_1_62' title='bbox 395 2102 518 2167; x_wconf 90' lang='lat' dir='ltr'><strong>uiribus</strong></span> <span class='ocrx_word' id='word_1_63' title='bbox 533 2121 592 2166; x_wconf 91' lang='lat' dir='ltr'><strong>nos</strong></span> <span class='ocrx_word' id='word_1_64' title='bbox 607 2101 775 2168; x_wconf 83' lang='lat' dir='ltr'><strong>inferiores</strong></span> <span class='ocrx_word' id='word_1_65' title='bbox 798 2122 869 2169; x_wconf 90' lang='lat' dir='ltr'><strong>esse</strong></span> <span class='ocrx_word' id='word_1_66' title='bbox 891 2104 1126 2187; x_wconf 85' lang='lat' dir='ltr'><strong>intellegentes,</strong></span> <span class='ocrx_word' id='word_1_67' title='bbox 1150 2124 1248 2186; x_wconf 90' lang='lat' dir='ltr'><strong>quam</strong></span> 
     </span>
     <span class='ocr_line' id='line_1_11' title="bbox 88 2201 1247 2291; baseline -0.004 -18"><span class='ocrx_word' id='word_1_68' title='bbox 88 2209 143 2291; x_wconf 94' lang='lat' dir='ltr'><strong>qui</strong></span> <span class='ocrx_word' id='word_1_69' title='bbox 172 2213 248 2290; x_wconf 92' lang='lat' dir='ltr'><strong>post</strong></span> <span class='ocrx_word' id='word_1_70' title='bbox 270 2204 432 2271; x_wconf 90' lang='lat' dir='ltr'><strong>Ottonis</strong></span> <span class='ocrx_word' id='word_1_71' title='bbox 454 2201 554 2268; x_wconf 91' lang='lat' dir='ltr'><strong>Iahn</strong></span> <span class='ocrx_word' id='word_1_72' title='bbox 583 2204 616 2268; x_wconf 91' lang='lat' dir='ltr'><strong>in</strong></span> <span class='ocrx_word' id='word_1_73' title='bbox 646 2204 784 2285; x_wconf 86' lang='lat' dir='ltr'><strong>symbol.</strong></span> <span class='ocrx_word' id='word_1_74' title='bbox 808 2203 969 2269; x_wconf 90' lang='lat' dir='ltr'><strong>archaeol.</strong></span> <span class='ocrx_word' id='word_1_75' title='bbox 993 2223 1025 2287; x_wconf 88' lang='lat' dir='ltr'><strong>p.</strong></span> <span class='ocrx_word' id='word_1_76' title='bbox 1043 2207 1186 2286; x_wconf 79' lang='lat' dir='ltr'><strong>tllsqq.</strong></span> <span class='ocrx_word' id='word_1_77' title='bbox 1215 2209 1247 2270; x_wconf 93' lang='lat' dir='ltr'><strong>et</strong></span> 
     </span>
     <span class='ocr_line' id='line_1_12' title="bbox 86 2303 1246 2392; baseline -0.004 -17"><span class='ocrx_word' id='word_1_78' title='bbox 86 2307 320 2392; x_wconf 79' lang='lat' dir='ltr'><strong>wolfgangi</strong></span> <span class='ocrx_word' id='word_1_79' title='bbox 348 2305 500 2387; x_wconf 90' lang='lat' dir='ltr'><strong>Helbig</strong></span> <span class='ocrx_word' id='word_1_80' title='bbox 528 2305 562 2368; x_wconf 94' lang='lat' dir='ltr'><strong>in</strong></span> <span class='ocrx_word' id='word_1_81' title='bbox 588 2304 725 2388; x_wconf 87' lang='lat' dir='ltr'><strong>symbol.</strong></span> <span class='ocrx_word' id='word_1_82' title='bbox 746 2303 903 2388; x_wconf 93' lang='lat' dir='ltr'><strong>philolog.</strong></span> <span class='ocrx_word' id='word_1_83' title='bbox 926 2305 1028 2370; x_wconf 89' lang='lat' dir='ltr'><strong>Bonn.</strong></span> <span class='ocrx_word' id='word_1_84' title='bbox 1051 2327 1083 2389; x_wconf 93' lang='lat' dir='ltr'><strong>p.</strong></span> <span class='ocrx_word' id='word_1_85' title='bbox 1101 2306 1162 2368; x_wconf 80' lang='lat'><strong>359</strong></span> <span class='ocrx_word' id='word_1_86' title='bbox 1175 2325 1246 2388; x_wconf 90' lang='lat' dir='ltr'><strong>sqq.</strong></span> 
     </span>
     <span class='ocr_line' id='line_1_13' title="bbox 86 2403 1246 2491; baseline -0.004 -14"><span class='ocrx_word' id='word_1_87' title='bbox 86 2409 272 2477; x_wconf 90' lang='lat' dir='ltr'><strong>incohatam</strong></span> <span class='ocrx_word' id='word_1_88' title='bbox 305 2414 338 2474; x_wconf 91' lang='lat' dir='ltr'><strong>et</strong></span> <span class='ocrx_word' id='word_1_89' title='bbox 366 2407 476 2472; x_wconf 90' lang='lat' dir='ltr'><strong>multis</strong></span> <span class='ocrx_word' id='word_1_90' title='bbox 504 2406 585 2471; x_wconf 91' lang='lat' dir='ltr'><strong>locis</strong></span> <span class='ocrx_word' id='word_1_91' title='bbox 612 2405 689 2470; x_wconf 92' lang='lat' dir='ltr'><strong>libri</strong></span> <span class='ocrx_word' id='word_1_92' title='bbox 716 2403 938 2488; x_wconf 83' lang='lat' dir='ltr'><strong>‘quaestiones</strong></span> <span class='ocrx_word' id='word_1_93' title='bbox 967 2406 1009 2472; x_wconf 90' lang='lat' dir='ltr'><strong>de</strong></span> <span class='ocrx_word' id='word_1_94' title='bbox 1036 2409 1150 2491; x_wconf 90' lang='lat' dir='ltr'><strong>pictur.</strong></span> <span class='ocrx_word' id='word_1_95' title='bbox 1176 2427 1246 2490; x_wconf 92' lang='lat' dir='ltr'><strong>par.</strong></span> 
     </span>
     <span class='ocr_line' id='line_1_14' title="bbox 86 2507 1246 2597; baseline -0.003 -18"><span class='ocrx_word' id='word_1_96' title='bbox 86 2511 212 2597; x_wconf 85' lang='lat' dir='ltr'><strong>Gamp&#39;</strong></span> <span class='ocrx_word' id='word_1_97' title='bbox 236 2510 382 2593; x_wconf 89' lang='lat' dir='ltr'><strong>inscripti</strong></span> <span class='ocrx_word' id='word_1_98' title='bbox 404 2509 577 2592; x_wconf 88' lang='lat' dir='ltr'><strong>repetitam</strong></span> <span class='ocrx_word' id='word_1_99' title='bbox 604 2507 887 2591; x_wconf 89' lang='lat' dir='ltr'><strong>inuestigationem</strong></span> <span class='ocrx_word' id='word_1_100' title='bbox 911 2509 1092 2590; x_wconf 90' lang='lat' dir='ltr'><strong>quaestioni</strong></span> <span class='ocrx_word' id='word_1_101' title='bbox 1119 2529 1246 2593; x_wconf 90' lang='lat' dir='ltr'><strong>prome-</strong></span> 
     </span>
     <span class='ocr_line' id='line_1_15' title="bbox 84 2608 1245 2696; baseline -0.004 -15"><span class='ocrx_word' id='word_1_102' title='bbox 84 2613 214 2681; x_wconf 91' lang='lat' dir='ltr'><strong>uendae</strong></span> <span class='ocrx_word' id='word_1_103' title='bbox 229 2611 467 2696; x_wconf 85' lang='lat' dir='ltr'><strong>prodessemus.</strong></span> <span class='ocrx_word' id='word_1_104' title='bbox 500 2608 563 2688; x_wconf 80' lang='lat' dir='ltr'><strong>oui</strong></span> <span class='ocrx_word' id='word_1_105' title='bbox 578 2610 641 2675; x_wconf 90' lang='lat' dir='ltr'><strong>uiri</strong></span> <span class='ocrx_word' id='word_1_106' title='bbox 657 2628 852 2693; x_wconf 90' lang='lat' dir='ltr'><strong>quamquam</strong></span> <span class='ocrx_word' id='word_1_107' title='bbox 874 2629 939 2674; x_wconf 91' lang='lat' dir='ltr'><strong>nou</strong></span> <span class='ocrx_word' id='word_1_108' title='bbox 960 2611 1058 2677; x_wconf 93' lang='lat' dir='ltr'><strong>modo</strong></span> <span class='ocrx_word' id='word_1_109' title='bbox 1077 2611 1245 2694; x_wconf 89' lang='lat' dir='ltr'><strong>artificum,</strong></span> 
     </span>
     <span class='ocr_line' id='line_1_16' title="bbox 86 2711 1245 2798; baseline -0.006 -15"><span class='ocrx_word' id='word_1_110' title='bbox 86 2717 144 2783; x_wconf 88' lang='lat' dir='ltr'><strong>sed</strong></span> <span class='ocrx_word' id='word_1_111' title='bbox 161 2715 260 2781; x_wconf 90' lang='lat' dir='ltr'><strong>etiam</strong></span> <span class='ocrx_word' id='word_1_112' title='bbox 274 2719 443 2798; x_wconf 91' lang='lat' dir='ltr'><strong>poetarum</strong></span> <span class='ocrx_word' id='word_1_113' title='bbox 458 2717 667 2778; x_wconf 90' lang='lat' dir='ltr'><strong>monumenta</strong></span> <span class='ocrx_word' id='word_1_114' title='bbox 680 2711 779 2794; x_wconf 91' lang='lat' dir='ltr'><strong>plena</strong></span> <span class='ocrx_word' id='word_1_115' title='bbox 800 2712 868 2777; x_wconf 88' lang='lat' dir='ltr'><strong>lere</strong></span> <span class='ocrx_word' id='word_1_116' title='bbox 890 2731 1083 2795; x_wconf 86' lang='lat' dir='ltr'><strong>congessere</strong></span> <span class='ocrx_word' id='word_1_117' title='bbox 1105 2714 1156 2787; x_wconf 86' lang='lat' dir='ltr'><strong>(cl.</strong></span> <span class='ocrx_word' id='word_1_118' title='bbox 1172 2711 1245 2778; x_wconf 91' lang='lat' dir='ltr'><strong>lah·</strong></span> 
     </span>
     <span class='ocr_line' id='line_1_17' title="bbox 85 2813 1246 2898; baseline -0.004 -16"><span class='ocrx_word' id='word_1_119' title='bbox 85 2819 174 2882; x_wconf 90' lang='lat' dir='ltr'><strong>nium</strong></span> <span class='ocrx_word' id='word_1_120' title='bbox 197 2815 219 2879; x_wconf 92' lang='lat' dir='ltr'><strong>l.</strong></span> <span class='ocrx_word' id='word_1_121' title='bbox 231 2816 252 2879; x_wconf 93' lang='lat' dir='ltr'><strong>l.</strong></span> <span class='ocrx_word' id='word_1_122' title='bbox 275 2834 307 2898; x_wconf 93' lang='lat' dir='ltr'><strong>p.</strong></span> <span class='ocrx_word' id='word_1_123' title='bbox 322 2817 381 2876; x_wconf 85' lang='grc'><strong>411</strong></span> <span class='ocrx_word' id='word_1_124' title='bbox 392 2832 462 2897; x_wconf 90' lang='lat' dir='ltr'><strong>sqq.</strong></span> <span class='ocrx_word' id='word_1_125' title='bbox 480 2833 506 2879; x_wconf 93' lang='lat' dir='ltr'><strong>c.</strong></span> <span class='ocrx_word' id='word_1_126' title='bbox 522 2814 661 2897; x_wconf 87' lang='lat' dir='ltr'><strong>adnott.;</strong></span> <span class='ocrx_word' id='word_1_127' title='bbox 684 2813 779 2879; x_wconf 92' lang='lat' dir='ltr'><strong>Helb.</strong></span> <span class='ocrx_word' id='word_1_128' title='bbox 796 2813 899 2896; x_wconf 92' lang='lat' dir='ltr'><strong>symb.</strong></span> <span class='ocrx_word' id='word_1_129' title='bbox 915 2833 947 2897; x_wconf 94' lang='lat' dir='ltr'><strong>p.</strong></span> <span class='ocrx_word' id='word_1_130' title='bbox 961 2815 1020 2878; x_wconf 87' lang='grc'><strong>361</strong></span> <span class='ocrx_word' id='word_1_131' title='bbox 1031 2818 1102 2897; x_wconf 83' lang='lat' dir='ltr'><strong>sq),</strong></span> <span class='ocrx_word' id='word_1_132' title='bbox 1130 2813 1246 2896; x_wconf 93' lang='lat' dir='ltr'><strong>quibus</strong></span> 
     </span>
     <span class='ocr_line' id='line_1_18' title="bbox 84 2913 1245 3002; baseline -0.006 -18"><span class='ocrx_word' id='word_1_133' title='bbox 84 2937 191 3002; x_wconf 90' lang='lat' dir='ltr'><strong>pauca</strong></span> <span class='ocrx_word' id='word_1_134' title='bbox 206 2921 330 2982; x_wconf 89' lang='lat' dir='ltr'><strong>tantum</strong></span> <span class='ocrx_word' id='word_1_135' title='bbox 346 2913 514 2999; x_wconf 91' lang='lat' dir='ltr'><strong>addemus,</strong></span> <span class='ocrx_word' id='word_1_136' title='bbox 537 2921 645 2981; x_wconf 91' lang='lat' dir='ltr'><strong>tamen</strong></span> <span class='ocrx_word' id='word_1_137' title='bbox 660 2915 869 2999; x_wconf 89' lang='lat' dir='ltr'><strong>praecipuam</strong></span> <span class='ocrx_word' id='word_1_138' title='bbox 889 2914 1068 2980; x_wconf 91' lang='lat' dir='ltr'><strong>litterarum</strong></span> <span class='ocrx_word' id='word_1_139' title='bbox 1090 2915 1245 2996; x_wconf 91' lang='lat' dir='ltr'><strong>interpre-</strong></span> 
     </span>
     <span class='ocr_line' id='line_1_19' title="bbox 85 3015 1244 3101; baseline -0.004 -17"><span class='ocrx_word' id='word_1_140' title='bbox 85 3018 201 3085; x_wconf 91' lang='lat' dir='ltr'><strong>tationi</strong></span> <span class='ocrx_word' id='word_1_141' title='bbox 224 3016 427 3100; x_wconf 89' lang='lat' dir='ltr'><strong>potissimum</strong></span> <span class='ocrx_word' id='word_1_142' title='bbox 449 3036 570 3082; x_wconf 91' lang='lat' dir='ltr'><strong>nauare</strong></span> <span class='ocrx_word' id='word_1_143' title='bbox 592 3035 725 3101; x_wconf 88' lang='lat' dir='ltr'><strong>operam</strong></span> <span class='ocrx_word' id='word_1_144' title='bbox 746 3036 811 3081; x_wconf 89' lang='lat' dir='ltr'><strong>uon</strong></span> <span class='ocrx_word' id='word_1_145' title='bbox 834 3035 944 3081; x_wconf 92' lang='lat' dir='ltr'><strong>eorum</strong></span> <span class='ocrx_word' id='word_1_146' title='bbox 967 3022 1037 3081; x_wconf 90' lang='lat' dir='ltr'><strong>erat</strong></span> <span class='ocrx_word' id='word_1_147' title='bbox 1064 3015 1244 3098; x_wconf 90' lang='lat' dir='ltr'><strong>consilium,</strong></span> 
     </span>
     <span class='ocr_line' id='line_1_20' title="bbox 85 3116 1246 3200; baseline -0.004 -14"><span class='ocrx_word' id='word_1_148' title='bbox 85 3122 131 3186; x_wconf 92' lang='lat' dir='ltr'><strong>ita</strong></span> <span class='ocrx_word' id='word_1_149' title='bbox 145 3127 183 3186; x_wconf 93' lang='lat' dir='ltr'><strong>ut</strong></span> <span class='ocrx_word' id='word_1_150' title='bbox 198 3117 356 3200; x_wconf 87' lang='lat' dir='ltr'><strong>singulari</strong></span> <span class='ocrx_word' id='word_1_151' title='bbox 371 3119 641 3185; x_wconf 90' lang='lat' dir='ltr'><strong>commentatione</strong></span> <span class='ocrx_word' id='word_1_152' title='bbox 656 3116 740 3183; x_wconf 92' lang='lat' dir='ltr'><strong>hanc</strong></span> <span class='ocrx_word' id='word_1_153' title='bbox 753 3123 879 3200; x_wconf 92' lang='lat' dir='ltr'><strong>partem</strong></span> <span class='ocrx_word' id='word_1_154' title='bbox 894 3123 1031 3182; x_wconf 90' lang='lat' dir='ltr'><strong>tractare</strong></span> <span class='ocrx_word' id='word_1_155' title='bbox 1052 3136 1116 3182; x_wconf 89' lang='lat' dir='ltr'><strong>non</strong></span> <span class='ocrx_word' id='word_1_156' title='bbox 1134 3135 1246 3200; x_wconf 92' lang='lat' dir='ltr'><strong>super-</strong></span> 
     </span>
     <span class='ocr_line' id='line_1_21' title="bbox 87 3217 1246 3303; baseline -0.003 -14"><span class='ocrx_word' id='word_1_157' title='bbox 87 3239 266 3288; x_wconf 87' lang='lat' dir='ltr'><strong>uacaneum</strong></span> <span class='ocrx_word' id='word_1_158' title='bbox 291 3217 456 3284; x_wconf 91' lang='lat' dir='ltr'><strong>uideretur</strong></span> <span class='ocrx_word' id='word_1_159' title='bbox 467 3217 499 3294; x_wconf 89' lang='lat'><strong>¹).</strong></span> <span class='ocrx_word' id='word_1_160' title='bbox 546 3219 769 3286; x_wconf 90' lang='lat' dir='ltr'><strong>Persuasimus</strong></span> <span class='ocrx_word' id='word_1_161' title='bbox 797 3223 905 3283; x_wconf 92' lang='lat' dir='ltr'><strong>autem</strong></span> <span class='ocrx_word' id='word_1_162' title='bbox 933 3217 1027 3284; x_wconf 89' lang='lat' dir='ltr'><strong>nobis</strong></span> <span class='ocrx_word' id='word_1_163' title='bbox 1056 3238 1122 3284; x_wconf 89' lang='lat' dir='ltr'><strong>non</strong></span> <span class='ocrx_word' id='word_1_164' title='bbox 1149 3238 1246 3303; x_wconf 88' lang='lat' dir='ltr'><strong>posse</strong></span> 
     </span>
     <span class='ocr_line' id='line_1_22' title="bbox 87 3317 1245 3403; baseline -0.002 -14"><span class='ocrx_word' id='word_1_165' title='bbox 87 3343 201 3391; x_wconf 89' lang='lat' dir='ltr'><strong>uerum</strong></span> <span class='ocrx_word' id='word_1_166' title='bbox 216 3321 354 3386; x_wconf 87' lang='lat' dir='ltr'><strong>fructum</strong></span> <span class='ocrx_word' id='word_1_167' title='bbox 368 3319 503 3403; x_wconf 87' lang='lat' dir='ltr'><strong>percipi,</strong></span> <span class='ocrx_word' id='word_1_168' title='bbox 525 3321 588 3385; x_wconf 90' lang='lat' dir='ltr'><strong>nisi</strong></span> <span class='ocrx_word' id='word_1_169' title='bbox 607 3319 750 3402; x_wconf 88' lang='lat' dir='ltr'><strong>singulas</strong></span> <span class='ocrx_word' id='word_1_170' title='bbox 773 3317 866 3384; x_wconf 91' lang='lat' dir='ltr'><strong>huius</strong></span> <span class='ocrx_word' id='word_1_171' title='bbox 888 3319 1069 3402; x_wconf 91' lang='lat' dir='ltr'><strong>argumenti</strong></span> <span class='ocrx_word' id='word_1_172' title='bbox 1090 3338 1245 3403; x_wconf 91' lang='lat' dir='ltr'><strong>personas</strong></span> 
     </span>
    </p>
   </div>
   <div class='ocr_carea' id='block_1_4' title="bbox 83 3498 1249 4081">
    <p class='ocr_par' dir='ltr' id='par_1_4' title="bbox 83 3498 1249 4081">
     <span class='ocr_line' id='line_1_23' title="bbox 173 3498 1245 3572; baseline -0.001 -13"><span class='ocrx_word' id='word_1_173' title='bbox 173 3509 197 3570; x_wconf 88' lang='lat'><strong>1)</strong></span> <span class='ocrx_word' id='word_1_174' title='bbox 215 3503 318 3558; x_wconf 89' lang='lat' dir='ltr'><strong>Parum</strong></span> <span class='ocrx_word' id='word_1_175' title='bbox 335 3501 407 3556; x_wconf 89' lang='lat' dir='ltr'><strong>enim</strong></span> <span class='ocrx_word' id='word_1_176' title='bbox 425 3501 567 3570; x_wconf 87' lang='lat' dir='ltr'><strong>diligenter</strong></span> <span class='ocrx_word' id='word_1_177' title='bbox 583 3498 726 3555; x_wconf 90' lang='lat' dir='ltr'><strong>notissima</strong></span> <span class='ocrx_word' id='word_1_178' title='bbox 742 3500 847 3556; x_wconf 79' lang='lat' dir='ltr'><strong>recoxit</strong></span> <span class='ocrx_word' id='word_1_179' title='bbox 860 3500 1047 3558; x_wconf 85' lang='lat' dir='ltr'><strong>Glaeserus</strong></span> <span class='ocrx_word' id='word_1_180' title='bbox 1064 3517 1155 3572; x_wconf 86' lang='lat' dir='ltr'><strong>progr.</strong></span> <span class='ocrx_word' id='word_1_181' title='bbox 1169 3501 1245 3572; x_wconf 81' lang='lat' dir='ltr'><strong>Steg-</strong></span> 
     </span>
     <span class='ocr_line' id='line_1_24' title="bbox 84 3581 1245 3659; baseline -0.002 -15"><span class='ocrx_word' id='word_1_182' title='bbox 84 3590 161 3659; x_wconf 85' lang='lat' dir='ltr'><strong>burg.</strong></span> <span class='ocrx_word' id='word_1_183' title='bbox 181 3604 207 3642; x_wconf 89' lang='lat' dir='ltr'><strong>a.</strong></span> <span class='ocrx_word' id='word_1_184' title='bbox 220 3591 286 3642; x_wconf 76' lang='lat' dir='ltr'><strong>rste</strong></span> <span class='ocrx_word' id='word_1_185' title='bbox 308 3582 351 3643; x_wconf 88' lang='lat' dir='ltr'><strong>‘de</strong></span> <span class='ocrx_word' id='word_1_186' title='bbox 368 3586 529 3657; x_wconf 89' lang='lat' dir='ltr'><strong>Polyphemi</strong></span> <span class='ocrx_word' id='word_1_187' title='bbox 544 3581 651 3657; x_wconf 88' lang='lat' dir='ltr'><strong>mytho’</strong></span> <span class='ocrx_word' id='word_1_188' title='bbox 670 3585 803 3656; x_wconf 88' lang='lat' dir='ltr'><strong>inscripto</strong></span> <span class='ocrx_word' id='word_1_189' title='bbox 820 3586 899 3642; x_wconf 88' lang='lat' dir='ltr'><strong>nimis</strong></span> <span class='ocrx_word' id='word_1_190' title='bbox 916 3585 1076 3658; x_wconf 82' lang='lat' dir='ltr'><strong>properanti</strong></span> <span class='ocrx_word' id='word_1_191' title='bbox 1092 3587 1162 3656; x_wconf 90' lang='lat' dir='ltr'><strong>pede</strong></span> <span class='ocrx_word' id='word_1_192' title='bbox 1180 3602 1245 3656; x_wconf 90' lang='lat' dir='ltr'><strong>pro·</strong></span> 
     </span>
     <span class='ocr_line' id='line_1_25' title="bbox 83 3669 1247 3744; baseline -0.003 -16"><span class='ocrx_word' id='word_1_193' title='bbox 83 3674 222 3744; x_wconf 86' lang='lat' dir='ltr'><strong>grediens,</strong></span> <span class='ocrx_word' id='word_1_194' title='bbox 246 3674 274 3727; x_wconf 92' lang='lat' dir='ltr'><strong>et</strong></span> <span class='ocrx_word' id='word_1_195' title='bbox 293 3672 339 3740; x_wconf 90' lang='lat' dir='ltr'><strong>qui</strong></span> <span class='ocrx_word' id='word_1_196' title='bbox 356 3671 511 3742; x_wconf 89' lang='lat' dir='ltr'><strong>nuperrime</strong></span> <span class='ocrx_word' id='word_1_197' title='bbox 533 3669 653 3725; x_wconf 90' lang='lat' dir='ltr'><strong>innotuit</strong></span> <span class='ocrx_word' id='word_1_198' title='bbox 669 3669 805 3726; x_wconf 88' lang='lat' dir='ltr'><strong>Bohernus</strong></span> <span class='ocrx_word' id='word_1_199' title='bbox 824 3671 874 3726; x_wconf 85' lang='lat' dir='ltr'><strong>Fr.</strong></span> <span class='ocrx_word' id='word_1_200' title='bbox 893 3671 1007 3727; x_wconf 87' lang='lat' dir='ltr'><strong>Krsek</strong></span> <span class='ocrx_word' id='word_1_201' title='bbox 1029 3687 1080 3727; x_wconf 87' lang='lat' dir='ltr'><strong>sua</strong></span> <span class='ocrx_word' id='word_1_202' title='bbox 1102 3671 1195 3740; x_wconf 88' lang='lat' dir='ltr'><strong>lingua</strong></span> <span class='ocrx_word' id='word_1_203' title='bbox 1212 3670 1247 3726; x_wconf 93' lang='lat' dir='ltr'><strong>de</strong></span> 
     </span>
     <span class='ocr_line' id='line_1_26' title="bbox 84 3754 1243 3830; baseline -0.005 -16"><span class='ocrx_word' id='word_1_204' title='bbox 84 3759 252 3830; x_wconf 86' lang='lat' dir='ltr'><strong>Polyphemo</strong></span> <span class='ocrx_word' id='word_1_205' title='bbox 271 3761 298 3811; x_wconf 89' lang='lat' dir='ltr'><strong>et</strong></span> <span class='ocrx_word' id='word_1_206' title='bbox 310 3757 426 3812; x_wconf 76' lang='lat' dir='ltr'><strong>Galatm</strong></span> <span class='ocrx_word' id='word_1_207' title='bbox 442 3759 638 3812; x_wconf 87' lang='lat' dir='ltr'><strong>commentatus</strong></span> <span class='ocrx_word' id='word_1_208' title='bbox 656 3755 685 3810; x_wconf 92' lang='lat' dir='ltr'><strong>in</strong></span> <span class='ocrx_word' id='word_1_209' title='bbox 701 3757 792 3811; x_wconf 90' lang='lat' dir='ltr'><strong>annal.</strong></span> <span class='ocrx_word' id='word_1_210' title='bbox 802 3755 896 3826; x_wconf 89' lang='lat' dir='ltr'><strong>philol.</strong></span> <span class='ocrx_word' id='word_1_211' title='bbox 910 3760 939 3812; x_wconf 89' lang='lat' dir='ltr'><strong>et</strong></span> <span class='ocrx_word' id='word_1_212' title='bbox 949 3758 1063 3826; x_wconf 86' lang='lat' dir='ltr'><strong>paedag.</strong></span> <span class='ocrx_word' id='word_1_213' title='bbox 1083 3756 1130 3825; x_wconf 87' lang='lat' dir='ltr'><strong>qui</strong></span> <span class='ocrx_word' id='word_1_214' title='bbox 1146 3754 1243 3810; x_wconf 88' lang='lat' dir='ltr'><strong>inscri-</strong></span> 
     </span>
     <span class='ocr_line' id='line_1_27' title="bbox 83 3838 1245 3912; baseline -0.006 -12"><span class='ocrx_word' id='word_1_215' title='bbox 83 3845 188 3900; x_wconf 87' lang='lat' dir='ltr'><strong>buntur</strong></span> <span class='ocrx_word' id='word_1_216' title='bbox 205 3839 292 3912; x_wconf 86' lang='lat' dir='ltr'><strong>‘Listy</strong></span> <span class='ocrx_word' id='word_1_217' title='bbox 309 3839 463 3910; x_wconf 79' lang='lat' dir='ltr'><strong>filologicke</strong></span> <span class='ocrx_word' id='word_1_218' title='bbox 477 3854 494 3894; x_wconf 89' lang='lat' dir='ltr'><strong>a</strong></span> <span class='ocrx_word' id='word_1_219' title='bbox 507 3838 722 3910; x_wconf 80' lang='lat' dir='ltr'><strong>paedagogickt&#39;</strong></span> <span class='ocrx_word' id='word_1_220' title='bbox 738 3841 763 3894; x_wconf 90' lang='lat' dir='ltr'>X</span> <span class='ocrx_word' id='word_1_221' title='bbox 782 3859 809 3912; x_wconf 93' lang='lat' dir='ltr'><strong>p.</strong></span> <span class='ocrx_word' id='word_1_222' title='bbox 822 3846 956 3898; x_wconf 74' lang='lat' dir='ltr'><strong>ruo-183</strong></span> <span class='ocrx_word' id='word_1_223' title='bbox 974 3842 1064 3897; x_wconf 89' lang='lat' dir='ltr'><strong>Iahnii</strong></span> <span class='ocrx_word' id='word_1_224' title='bbox 1081 3844 1110 3897; x_wconf 89' lang='lat' dir='ltr'><strong>et</strong></span> <span class='ocrx_word' id='word_1_225' title='bbox 1125 3839 1245 3908; x_wconf 83' lang='lat' dir='ltr'><strong>Helbigii</strong></span> 
     </span>
     <span class='ocr_line' id='line_1_28' title="bbox 83 3923 1249 3998; baseline -0.005 -14"><span class='ocrx_word' id='word_1_226' title='bbox 83 3929 200 3998; x_wconf 84' lang='lat' dir='ltr'><strong>uestigia</strong></span> <span class='ocrx_word' id='word_1_227' title='bbox 220 3927 328 3983; x_wconf 90' lang='lat' dir='ltr'><strong>uidetur</strong></span> <span class='ocrx_word' id='word_1_228' title='bbox 349 3925 499 3996; x_wconf 81' lang='lat' dir='ltr'><strong>pressisse,</strong></span> <span class='ocrx_word' id='word_1_229' title='bbox 522 3930 653 3995; x_wconf 85' lang='lat' dir='ltr'><strong>quantum</strong></span> <span class='ocrx_word' id='word_1_230' title='bbox 674 3925 855 3983; x_wconf 87' lang='lat' dir='ltr'><strong>intelleximus</strong></span> <span class='ocrx_word' id='word_1_231' title='bbox 877 3942 893 3983; x_wconf 87' lang='lat' dir='ltr'><strong>e</strong></span> <span class='ocrx_word' id='word_1_232' title='bbox 915 3927 1070 3983; x_wconf 87' lang='lat' dir='ltr'><strong>narratione</strong></span> <span class='ocrx_word' id='word_1_233' title='bbox 1091 3923 1249 3992; x_wconf 82' lang='lat' dir='ltr'><strong>argumenti</strong></span> 
     </span>
     <span class='ocr_line' id='line_1_29' title="bbox 83 4007 1182 4081; baseline -0.005 -12"><span class='ocrx_word' id='word_1_234' title='bbox 83 4010 282 4069; x_wconf 77' lang='lat' dir='ltr'><strong>fflmcnlelderi</strong></span> <span class='ocrx_word' id='word_1_235' title='bbox 305 4012 397 4081; x_wconf 86' lang='lat' dir='ltr'><strong>script.</strong></span> <span class='ocrx_word' id='word_1_236' title='bbox 408 4007 567 4065; x_wconf 86' lang='lat' dir='ltr'><strong>hebdomad.</strong></span> <span class='ocrx_word' id='word_1_237' title='bbox 578 4009 644 4080; x_wconf 91' lang='lat' dir='ltr'><strong>phil.</strong></span> <span class='ocrx_word' id='word_1_238' title='bbox 658 4014 722 4067; x_wconf 84' lang='grc'><strong>1883</strong></span> <span class='ocrx_word' id='word_1_239' title='bbox 741 4029 781 4068; x_wconf 88' lang='lat' dir='ltr'><strong>nr.</strong></span> <span class='ocrx_word' id='word_1_240' title='bbox 793 4017 825 4067; x_wconf 85' lang='grc'><strong>36</strong></span> <span class='ocrx_word' id='word_1_241' title='bbox 843 4028 871 4081; x_wconf 87' lang='lat' dir='ltr'><strong>p.</strong></span> <span class='ocrx_word' id='word_1_242' title='bbox 884 4013 1054 4067; x_wconf 78' lang='lat'>1133-1134</span> <span class='ocrx_word' id='word_1_243' title='bbox 1070 4008 1182 4064; x_wconf 88' lang='lat' dir='ltr'><strong>inserta.</strong></span> 
     </span>
    </p>
   </div>
   <div class='ocr_carea' id='block_1_5' title="bbox 0 0 1518 4672">
    <p class='ocr_par' dir='ltr' id='par_1_5' title="bbox 0 0 1518 4672">
     <span class='ocr_line' id='line_1_30' title="bbox 0 0 1518 4672; baseline 0 1"><span class='ocrx_word' id='word_1_244' title='bbox 0 0 1518 4672; x_wconf 95' lang='lat' dir='ltr'><strong> </strong></span> 
     </span>
    </p>
   </div>
  </div>
 </body>
</html>
