2998 4674
461 226 503 280 De
521 226 686 294 Polyphemo
703 233 731 281 et
748 225 873 282 Galatea.
1177 231 1237 290 235

90 403 197 469 modis
221 404 427 486 asperitatem
449 399 606 466 Galateae
628 400 785 483 deplorat.
830 401 946 470 Omnia
967 405 1102 488 patienti
1131 406 1239 472 animo

88 508 254 572 subiturus
284 509 332 570 ost
361 510 393 569 et
420 503 563 588 pericula
591 507 623 569 et
648 504 827 590 molestias,
857 506 993 589 gratiam
1021 505 1183 590 nymphae
1211 509 1239 574 si

89 608 291 692 adipiscatur
313 607 352 672 cf.
375 605 433 689 XI,
450 607 546 687 disq.
563 607 699 688 56-60,
721 607 867 674 modesta
888 609 1000 692 poscit
1014 608 1159 692 praemia
1179 609 1238 693 XI,

89 715 131 774 55
141 730 190 793 sq.
224 710 336 774 Amori
351 709 457 774 omnia
471 706 643 791 posthabet
658 708 774 774 oblitus
790 711 890 794 ipsius
912 711 960 776 rei
982 711 1163 795 pecuariae,
1186 715 1238 777 cui

88 819 192 879 totam
216 832 323 878 curam
345 831 385 877 ac
406 809 547 876 studium
568 810 753 895 impendere
769 812 903 896 solebat,
927 814 965 879 cf.
982 812 1039 895 XI,
1053 816 1169 896 llsqq.
1186 817 1237 878 64.

88 915 226 981 Summa
255 913 444 980 assiduitate
472 913 589 996 repetit
618 935 639 977 a
667 914 771 997 prima
798 915 870 980 luce
898 915 1064 998 scopulum
1093 914 1135 980 ad
1162 917 1237 982 litus

87 1019 187 1084 situm
211 1017 249 1082 ei.
267 1016 325 1098 XI,
340 1019 474 1097 ltsqq.,
497 1015 574 1097 quin
597 1017 695 1080 etiam
716 1021 809 1082 nocte
831 1018 1024 1101 intempesta
1046 1019 1237 1084 cantilenam

87 1120 169 1186 edit.
206 1119 319 1201 Neque
334 1123 442 1182 tamon
456 1118 502 1182 ita
516 1118 603 1183 ualet
617 1117 722 1201 ardor,
745 1124 780 1183 ut
803 1138 875 1184 eum
898 1119 1036 1185 dormire
1058 1141 1122 1186 non
1144 1121 1237 1203 sinat,

87 1221 360 1304 quemadmodum
382 1218 530 1285 accidere
552 1219 698 1286 uidemus
721 1220 847 1304 perdite
869 1222 1050 1288 amantibus
1073 1222 1111 1288 ci.
1132 1221 1236 1288 Rohd.

87 1323 131 1389 de
148 1324 212 1388 fab.
228 1325 319 1388 Rom.
342 1345 374 1407 p.
390 1325 450 1386 157
472 1357 512 1366 -
536 1322 706 1388 dulcedine
729 1325 831 1388 somni
853 1343 916 1388 non
944 1326 1088 1406 priuatur
1117 1325 1155 1390 cf.
1179 1325 1236 1408 XI,

88 1430 132 1490 22
145 1447 212 1509 sq,
242 1446 305 1508 qua
327 1446 361 1491 re
383 1424 472 1492 rudis
494 1425 680 1507 robustique
702 1424 839 1490 hominis
861 1445 1004 1491 amorem
1024 1427 1165 1510 perbene
1194 1427 1238 1492 ad

88 1537 226 1595 naturae
242 1529 410 1595 ueritatem
426 1527 591 1594 denotauit
611 1533 717 1612 poeta.
755 1525 847 1603 Quae
868 1533 942 1593 suut
963 1533 1141 1594 amatorum
1164 1550 1236 1595 con-

88 1631 276 1698 suetudines
291 1631 376 1695 dona
390 1629 524 1712 ferendi,
547 1650 665 1713 magna
681 1628 867 1722 pellicandi,
891 1630 1094 1713 comissandi,
1117 1632 1236 1713 optime

88 1735 222 1817 didicit,
252 1751 447 1816 quamquam
468 1733 576 1816 inepte
604 1752 658 1798 eas
686 1738 816 1798 exercet
843 1733 897 1798 uel
926 1753 1076 1798 exercere
1105 1738 1236 1799 conatur

88 1839 128 1903 cf.
146 1836 205 1919 XI,
222 1839 261 1898 40
273 1853 343 1917 sqq.
381 1833 548 1900 Subtiliter
569 1837 732 1900 inuentum
754 1840 802 1901 ost
823 1857 844 1900 a
865 1834 1049 1918 Theocrito,
1072 1833 1236 1901 hominum

88 1947 121 2005 et
144 1959 268 2004 morum
291 1938 496 2004 aestimatore
513 1938 706 2020 admirabili,
730 1936 817 2020 quod
830 1937 1050 2022 Polyphemus
1072 1959 1136 2003 non
1158 1959 1179 2002 a
1201 1958 1236 2004 se

87 2045 161 2127 ipso
185 2048 296 2108 contra
317 2041 466 2107 infestam
487 2040 620 2106 Veneris
648 2047 839 2124 potestatem
866 2042 948 2124 petit
977 2042 1147 2123 auxilium,
1177 2040 1237 2106 sed

87 2146 226 2210 aliorum
242 2143 371 2209 inuocat
386 2149 418 2209 et
432 2142 650 2208 adiumentum
666 2150 699 2209 et
713 2143 936 2210 subleuamen:
952 2144 1089 2226 primum
1105 2145 1235 2210 matris

87 2246 249 2329 Thoosae,
273 2265 356 2328 quae
379 2247 451 2328 ipsa
471 2244 615 2327 nympha
635 2244 914 2328 nympharumque
936 2245 1087 2310 familiari
1103 2265 1234 2312 consue-

86 2347 199 2414 tudine
220 2368 279 2413 usa
302 2353 410 2413 tamen
433 2347 588 2412 Galateae
617 2346 717 2410 filium
748 2347 973 2414 commendare
1000 2348 1132 2431 omitti,
1163 2368 1234 2414 cum

3 2444 4 2447 '
88 2471 160 2516 eam
187 2449 309 2534 pudeat
336 2450 403 2514 nati
432 2448 616 2514 rusticitatis
645 2449 684 2514 ci.
707 2449 769 2533 XI,
787 2453 827 2514 67
836 2471 905 2533 sqq.
937 2471 1008 2517 cum
1037 2470 1090 2514 uu.
1110 2453 1150 2514 25
1163 2471 1232 2533 sqq.

2 2548 3 2567 ³
87 2555 223 2619 Matrem
246 2554 347 2619 solam
368 2553 445 2618 facit
470 2571 574 2635 ream,
603 2551 690 2633 quod
711 2552 874 2635 repulsam
896 2554 957 2618 fert
980 2555 1013 2618 in
1041 2573 1165 2637 amoro,
1194 2574 1233 2619 ac

87 2657 200 2722 matina
222 2661 270 2722 est
290 2655 456 2740 puerilitas
475 2660 655 2735 contumarr,
677 2672 742 2736 qua
763 2654 860 2721 homo
883 2657 1022 2740 simplex
1043 2657 1233 2740 participem

87 2780 159 2826 esse
183 2759 252 2822 uult
272 2756 436 2823 Thoosam
458 2756 683 2824 sollicitudinis
705 2758 745 2822 cf.
761 2758 818 2842 XI,
832 2762 869 2821 71
889 2759 939 2834 (ci.
956 2759 1069 2824 Hiller.
1085 2757 1127 2824 ad
1145 2758 1175 2822 h.
1187 2759 1231 2833 l).

87 2864 146 2927 Est
160 2881 238 2927 sane
253 2879 423 2943 puerorum
438 2858 585 2942 flagitare
600 2880 695 2925 omne
709 2861 866 2927 auxilium
888 2884 909 2927 a
931 2868 1041 2944 matre,
1065 2867 1113 2928 est
1136 2860 1231 2924 etiam

86 2962 272 3028 timidorum
287 2967 463 3026 amatorum
478 2960 521 3025 ad
535 2963 645 3028 matris
666 2964 822 3045 gremium
845 2965 1017 3045 confugere
1039 2964 1078 3029 cf.
1095 2962 1230 3028 Theocr.

86 3067 128 3148 X,
141 3069 253 3147 57sq.;
275 3063 376 3145 Long.
389 3069 470 3146 past.
486 3084 517 3147 p.
530 3067 602 3146 298,
616 3067 732 3146 30sqq.
744 3064 861 3131 Herch.
891 3067 933 3130 ut
947 3065 1131 3130 minitantur
1145 3084 1231 3128 ama-

1 3231 2 3234 ,
86 3177 172 3234 tores
194 3165 369 3248 horrenda,
391 3167 453 3232 nisi
476 3172 601 3232 amatae
624 3174 785 3249 compotes
807 3166 900 3251 fiant,
927 3167 1028 3232 ueluti
1049 3166 1230 3232 Hermesia-

1 3299 2 3322 1
86 3278 215 3338 nactam
232 3288 379 3334 narrasse
395 3267 585 3334 Parthenius
600 3269 717 3334 Erotic.
734 3274 753 3332 5
776 3270 829 3335 uel
852 3269 1042 3351 quicumque
1065 3269 1098 3333 in
1119 3269 1230 3336 libello

1 3405 2 3446 r
86 3370 355 3458 mythographico
377 3377 542 3437 auctorum
563 3371 747 3436 testimonia
774 3371 945 3454 adscripsit
975 3372 1025 3449 (cf.
1048 3370 1152 3437 Rohd.
1175 3374 1195 3438 l.
1208 3375 1229 3438 l.

1 3497 2 3504 ¹
84 3499 118 3561 p.
133 3481 193 3540 114
206 3476 266 3557 sq.)
294 3473 405 3554 refert,
434 3473 632 3557 Leucippum
655 3475 772 3540 sororis
794 3493 903 3540 amore
930 3481 1110 3557 correptum
1138 3477 1231 3540 matri

86 3579 268 3644 minitatum
290 3577 353 3642 nisi
375 3576 584 3659 opitularetur
612 3576 717 3659 ipsum
745 3596 780 3642 se
808 3577 1055 3643 interfecturum.
1100 3577 1230 3643 Similes

86 3682 191 3744 minas
213 3677 317 3743 fundit
338 3677 554 3762 Polyphemus
576 3679 634 3763 XI,
651 3682 764 3762 70sq.:

172 3782 314 3866 φλασσῶ
335 3775 397 3843 τὰν
418 3779 566 3866 κεφαλὰν
587 3783 643 3846 καὶ
663 3778 730 3858 τώς
752 3779 862 3856 πόδας
885 3772 1083 3867 ἀμφοτέρως
1097 3803 1164 3863 ,μευ

173 3880 348 3970 eododem,
373 3873 419 3956 ὥς
441 3872 582 3970 ἀνιαθῇ,
606 3882 681 3950 ἐπεὶ
702 3879 808 3970 κήγὼν
831 3877 987 3966 ἀνιῶμαι.

84 3990 246 4056 Nimirum
268 4006 331 4051 non
353 3983 453 4048 nimia
477 3989 578 4052 amori
605 3989 791 4072 impendere
819 3989 886 4052 uult
914 3987 1067 4053 barbarus
1095 3990 1227 4071 amator,
