3028 4672
302 416 382 496 3653
407 404 544 493 ἄμικτος
567 413 646 497 429;
670 402 762 498 ἀνήρ,
786 403 814 495 pi
835 413 928 476 6εοῖν
951 402 1045 476 οὐδὲν
1067 398 1089 499 ἢ
1110 413 1245 498 βροτῶν
1267 413 1359 496 μέλει
1380 416 1441 497 665,

302 533 496 598 quamquam
525 514 596 598 ipse
618 513 837 598 Polyphemus
860 515 996 598 superbe
1019 515 1117 582 iactat
1138 536 1245 600 genus
1267 537 1288 581 a
1309 516 1376 582 deis
1396 516 1441 582 de·
1489 613 1490 632 ¹

301 616 432 682 ductum
453 635 483 682 u.
500 617 578 680 231:

506 708 564 781 οὐκ
585 700 667 802 Ιἦσαν
689 709 770 781 ὅντα
791 713 877 781 6εόν
898 739 940 798 με
960 717 1017 782 καὶ
1039 718 1131 782 θεῶν
1154 710 1248 798 ὄντος

303 240 363 298 170
668 238 798 308 Georgius
816 238 952 295 Ricardus
970 239 1087 296 Holland

300 821 369 887 Nee
391 821 495 905 potuit
516 825 614 905 poeta
633 818 857 902 philosophus,
880 820 934 902 qui
951 820 1048 884 etiam
1062 819 1153 886 Ulixi
1173 819 1217 886 de
1232 820 1320 886 Iouis
1340 818 1439 884 diuini·
1489 833 1490 838 ’

300 927 366 988 tate
379 922 656 988 ratiocinationem
678 939 730 986 uu.
747 921 887 1002 353sqq.
911 920 1105 1003 suppeditat,
1129 922 1335 988 occasionem
1349 921 1439 986 dimit·

299 1029 384 1107 tere‚
419 1024 496 1106 quin
525 1020 702 1105 Cyclopem
734 1040 826 1086 suam
853 1021 894 1087 de
925 1021 1059 1089 deorum
1091 1021 1155 1087 fide
1190 1029 1291 1105 atque
1318 1022 1438 1090 auotori-

299 1131 364 1191 tate
386 1126 539 1208 uitaeque
560 1123 665 1208 pretio
693 1126 727 1188 et
755 1142 814 1188 usu
840 1125 1032 1189 sententiam
1058 1130 1263 1207 promentem
1290 1125 1438 1191 induceret
1489 1175 1490 1178 ,

298 1246 350 1291 66.
374 1229 534 1309 316666,
565 1225 607 1292 (16
636 1244 699 1308 666
726 1224 842 1291 festiue
871 1224 1048 1307 disputauit
1069 1225 1337 1292 Wilamowitrius
1357 1223 1436 1290 Anal.

298 1328 408 1412 Eurip.
424 1347 455 1411 p.
468 1330 530 1392 226
540 1347 609 1411 666
646 1327 684 1392 In
706 1325 833 1392 deliciis
856 1324 954 1392 habet
968 1326 1190 1411 Polyphemus
1213 1333 1250 1394 ut
1271 1328 1367 1394 ceteri
1387 1324 1436 1406 dy-

299 1431 409 1514 clopes
439 1430 616 1508 (61.6.22;
646 1419 873 1513 ἀνδροκτόνοι)
900 1447 1012 1494 carnes
1034 1427 1191 1496 humanas
1221 1430 1262 1496 of.
1283 1449 1335 1494 uu.
1350 1429 1387 1491 92
1397 1445 1436 1507 sq.
1489 1507 1490 1518 ,

300 1534 370 1596 126.
384 1533 455 1596 249.
470 1534 541 1598 356.
555 1534 633 1615 374;
656 1549 756 1614 quaro
770 1529 862 1596 audit
877 1526 978 1606 ξένων
994 1526 1170 1611 δαιτυμών.
1180 1533 1256 1615 616,
1276 1528 1343 1616 666
1359 1528 1436 1606 ξενο-

298 1630 414 1720 δαίτης
430 1635 502 1717 653,
526 1639 558 1699 66
573 1634 656 1700 66166
670 1631 799 1699 Silenus
813 1651 957 1698 mensam
974 1631 1004 1697 61
1019 1650 1178 1716 apparare
1194 1636 1351 1720 pretiosas
1366 1629 1435 1697 offas

297 1735 469 1802 ostendens
492 1735 531 1800 oi.
549 1737 688 1816 313666
729 1733 846 1799 1166616
867 1753 932 1798 666
955 1737 1003 1798 666
1024 1734 1071 1799 ita
1091 1737 1240 1820 sagacis,
1268 1734 1324 1803 sed
1344 1730 1433 1799 Sileni

298 1837 401 1901 credit
416 1836 681 1901 obtestationibus
704 1855 734 1900 ιι.
750 1836 813 1899 262
836 1838 869 1898 66
885 1833 1061 1901 mendaciis
1077 1841 1109 1902 et
1123 1840 1219 1920 quasi
1234 1835 1434 1904 consiliarium

297 1955 370 2002 eum
392 1934 545 2001 adsciscit
566 1938 639 2018 539,
663 1954 857 2018 quamquam
878 1935 949 2018 ipse
972 1934 1099 2003 Silenus
1123 1929 1282 2019 ἀμαθίαν
1296 1934 1431 2021 Cyclopis

298 2040 358 2101 173
381 2036 564 2120 cauillatur,
588 2037 644 2119 qui
666 2035 763 2102 choro
787 2056 915 2119 quoque
936 2043 985 2103 666
1007 2028 1214 2116 ἀπαίδευτος
1238 2043 1309 2105 493.
1347 2033 1431 2101 Diffe-

294 2141 399 2205 rentia
412 2140 496 2206 inter
511 2139 693 2206 scaenicum
709 2144 741 2204 et
756 2139 882 2221 epicum
904 2144 1032 2220 poetam
1054 2151 1192 2225 apparet
1212 2163 1261 2226 eo,
1285 2137 1367 2225 quod
1387 2135 1431 2200 1116

294 2239 479 2326 θεοστυγὴς
493 2232 610 2306 Ἅιδου
632 2237 790 2325 μάγειρος
812 2241 891 2306 artis
914 2241 1089 2308 culinariae
1112 2249 1161 2309 est
1185 2245 1304 2311 eximie
1325 2238 1430 2324 peritus
1487 2267 1488 2270 ι

294 2363 398 2426 66666
415 2349 502 2409 caret
517 2344 708 2410 necessariis
724 2343 954 2409 instrumentis:
978 2344 1087 2410 cultris
1103 2346 1166 2422 (uu.
1180 2348 1319 2428 24166),
1341 2335 1430 2408 securi

294 2446 424 2526 (6395,
447 2464 543 2527 quem
565 2446 801 2528 transponimus
823 2465 896 2510 cum
918 2445 1102 2511 Hermanno
1124 2453 1200 2528 post
1222 2469 1252 2512 u.
1270 2445 1352 2526 399),
1373 2459 1429 2508 cor·
1488 2473 1489 2526 6

293 2545 361 2609 6166
383 2547 485 2627 (392),
516 2547 645 2612 ueribus
667 2552 742 2630 apte
764 2546 929 2612 fabricatis
958 2547 1121 2631 (39366),
1150 2549 1316 2632 16661666
1345 2539 1428 2622 (384),

293 2665 427 2728 quorum
442 2645 530 2730 apud
545 2646 721 2712 Homerum
736 2645 1018 2712 6611666666616.
1045 2648 1115 2714 Neo
1131 2649 1325 2735 dedignatur
1339 2641 1428 2712 uaria·

291 2746 412 2812 tionem
427 2747 461 2810 iu
476 2766 556 2812 cena
575 2746 771 2828 edomanda,
795 2767 867 2812 oum
889 2767 1002 2816 carnes
1024 2751 1140 2832 partim
1164 2770 1304 2836 coquere
1325 2744 1428 2832 partim

291 2868 401 2914 assare
420 2848 571 2916 didicerit
591 2868 643 2914 uu.
661 2849 800 2931 396sqq.
818 2852 968 2933 244666,
992 2853 1041 2917 661
1066 2853 1196 2934 661666
1219 2840 1428 2921 consuetudini

290 2951 514 3034 6666166666
537 2951 707 3018 indulsisse
736 2970 777 3016 ex
805 2956 984 3034 satyrorum
1012 2953 1238 3024 adhortatione
1267 2940 1427 3019 mandendi

291 3050 495 3120 dulcedinem
517 3052 784 3136 anthropophago
806 3059 1080 3136 praemonstrante
1103 3075 1154 3121 uu.
1172 3061 1234 3123 356
1242 3077 1311 3139 666.
1334 3045 1426 3131 sequi·

289 3156 349 3217 tur.
381 3154 488 3238 Atque
504 3156 632 3222 omnino
649 3152 787 3239 Cyclops
804 3153 931 3220 deditus
948 3162 996 3221 666
1010 3156 1192 3225 abdominis
1210 3151 1424 3241 uoluptatibus

290 3271 423 3333 quarum
445 3259 597 3343 proponit
623 3258 797 3375 imaginem
820 3255 979 3322 edacitate
948 3262 1129 3342 66666666
1130 3280 1181 3326 em
1208 3280 1262 3327 66.
1280 3259 1338 3324 323
1350 3266 1425 3333 squ:

697 3351 778 3424 ὅταν
802 3349 935 3476 ανω66ν
957 3351 1119 3445 ὄμβρον
1105 3358 1211 3447 aazia,

493 3454 527 3570 ἐγ
549 3456 628 3542 τῇδε
650 3457 758 3544 πέτρᾳ
780 3457 873 3544 στὲγν
879 3451 977 3540 ἕχον
1000 3460 1198 3547 σκηνώματα

491 3544 513 3640 ἢ
533 3555 658 3638 μόσχον
680 3551 787 3624 ὀπτὸν
809 3555 832 3645 ἤ
851 3586 885 3626 τι
906 3558 1047 3646 dipem
1071 3561 1170 3640 δάκος

491 3654 700 3780 δαινύμενος,
726 3646 761 3725 αὗ
783 3665 906 3746 τέγγων
926 3686 964 3728 τε
984 3658 1119 3751 γαστέρ)
1138 3661 1276 3743 ὑπτίαν,

491 3755 662 3826 επενττιών
683 3756 885 3845 γάλακτος
869 3789 902 3846 op
890 3763 1024 3851 μφορέα
1046 3774 1121 3854 666,

172 3861 175 3866 ’
285 3863 436 3930 6666166
459 3861 569 3928 6666111
592 3865 725 3930 66661116
748 3866 920 3951 Euripides
949 3869 1077 3936 induxit
1098 3870 1273 3956 Cyclopem
1294 3886 1314 3930 a
1334 3873 1420 3925 uena·

285 3964 372 4029 tione
393 3983 557 4031 reuersum
579 3984 655 4030 num
677 3967 847 4049 prandium
869 3970 911 4034 sit
931 3975 1078 4053 paratum
1102 3993 1144 4040 ex
1166 3973 1263 4039 choro
1278 3973 1418 4050 quaereu-
