<?xml version="1.0" encoding="UTF-8"?>
<!DOCTYPE html PUBLIC "-//W3C//DTD XHTML 1.0 Transitional//EN"
    "http://www.w3.org/TR/xhtml1/DTD/xhtml1-transitional.dtd">
<html xmlns="http://www.w3.org/1999/xhtml" xml:lang="en" lang="en">
 <head>
  <title>
</title>
<meta http-equiv="Content-Type" content="text/html;charset=utf-8" />
  <meta name='ocr-system' content='tesseract 3.04.00' />
  <meta name='ocr-capabilities' content='ocr_page ocr_carea ocr_par ocr_line ocrx_word'/>
</head>
<body>
  <div class='ocr_page' id='page_1' title='image "./depolyphemoetga00hollgoog_0122.png"; bbox 0 0 2998 4674; ppageno 0'>
   <div class='ocr_carea' id='block_1_1' title="bbox 445 246 1222 316">
    <p class='ocr_par' dir='ltr' id='par_1_1' title="bbox 445 246 1222 316">
     <span class='ocr_line' id='line_1_1' title="bbox 445 246 1222 316; baseline 0.006 -16"><span class='ocrx_word' id='word_1_1' title='bbox 445 248 487 302; x_wconf 89' lang='lat' dir='ltr'>De</span> <span class='ocrx_word' id='word_1_2' title='bbox 504 246 668 316; x_wconf 79' lang='lat' dir='ltr'><strong>Polyphemo</strong></span> <span class='ocrx_word' id='word_1_3' title='bbox 686 253 714 302; x_wconf 85' lang='lat' dir='ltr'>et</span> <span class='ocrx_word' id='word_1_4' title='bbox 731 248 853 301; x_wconf 81' lang='lat' dir='ltr'>Galatea.</span> <span class='ocrx_word' id='word_1_5' title='bbox 1161 248 1222 306; x_wconf 79' lang='lat'>249</span> 
     </span>
    </p>
   </div>
   <div class='ocr_carea' id='block_1_2' title="bbox 24 123 29 414">
    <p class='ocr_par' dir='ltr' id='par_1_2' title="bbox 24 89 29 414">
     <span class='ocr_line' id='line_1_2' title="bbox 25 123 29 198; baseline 0 -84"><span class='ocrx_word' id='word_1_6' title='bbox 25 123 29 198; x_wconf 63' lang='lat' dir='ltr'>y</span> 
     </span>
     <span class='ocr_line' id='line_1_3' title="bbox 25 251 26 320; baseline 0 0"><span class='ocrx_word' id='word_1_7' title='bbox 25 251 26 320; x_wconf 75' lang='lat' dir='ltr'>l</span> 
     </span>
     <span class='ocr_line' id='line_1_4' title="bbox 24 321 26 414; baseline 0 0"><span class='ocrx_word' id='word_1_8' title='bbox 24 321 26 414; x_wconf 89' lang='lat' dir='ltr'>l</span> 
     </span>
    </p>
   </div>
   <div class='ocr_carea' id='block_1_3' title="bbox 24 412 1222 1633">
    <p class='ocr_par' dir='ltr' id='par_1_3' title="bbox 24 412 1222 1633">
     <span class='ocr_line' id='line_1_5' title="bbox 85 412 1222 509; baseline 0.002 -22.898"><span class='ocrx_word' id='word_1_9' title='bbox 85 424 128 486; x_wconf 82' lang='lat' dir='ltr'>roi</span> <span class='ocrx_word' id='word_1_10' title='bbox 144 421 288 507; x_wconf 80' lang='grc' dir='ltr'><strong><em>μεγάλῳ,</em></strong></span> <span class='ocrx_word' id='word_1_11' title='bbox 314 419 384 509; x_wconf 83' lang='grc' dir='ltr'>τὴν</span> <span class='ocrx_word' id='word_1_12' title='bbox 405 421 446 486; x_wconf 78' lang='grc' dir='ltr'>δὲ</span> <span class='ocrx_word' id='word_1_13' title='bbox 469 418 647 486; x_wconf 79' lang='grc' dir='ltr'><strong><em>διάνοιαν</em></strong></span> <span class='ocrx_word' id='word_1_14' title='bbox 671 412 840 502; x_wconf 75' lang='grc' dir='ltr'><strong><em>ἀμαθεῖ.</em></strong></span> <span class='ocrx_word' id='word_1_15' title='bbox 864 420 1222 504; x_wconf 80' lang='lat' dir='ltr'>cic.Tusc.V,39,115.</span> 
     </span>
     <span class='ocr_line' id='line_1_6' title="bbox 24 521 1221 624; baseline 0.002 -34"><span class='ocrx_word' id='word_1_16' title='bbox 24 521 27 624; x_wconf 66' lang='lat' dir='ltr'>l</span> <span class='ocrx_word' id='word_1_17' title='bbox 83 525 282 592; x_wconf 88' lang='lat' dir='ltr'>Pmdentiam</span> <span class='ocrx_word' id='word_1_18' title='bbox 307 528 391 592; x_wconf 93' lang='lat' dir='ltr'>enim</span> <span class='ocrx_word' id='word_1_19' title='bbox 417 525 605 608; x_wconf 87' lang='lat' dir='ltr'>adsignassc</span> <span class='ocrx_word' id='word_1_20' title='bbox 635 524 792 606; x_wconf 89' lang='lat' dir='ltr'>quosdam</span> <span class='ocrx_word' id='word_1_21' title='bbox 822 522 1004 607; x_wconf 92' lang='lat' dir='ltr'>mythorum</span> <span class='ocrx_word' id='word_1_22' title='bbox 1032 525 1221 608; x_wconf 77' lang='lat' dir='ltr'>interpretes</span> 
     </span>
     <span class='ocr_line' id='line_1_7' title="bbox 24 625 1220 712; baseline 0.001 -22"><span class='ocrx_word' id='word_1_23' title='bbox 24 629 26 690; x_wconf 90' lang='lat' dir='ltr'>l</span> <span class='ocrx_word' id='word_1_24' title='bbox 82 627 272 712; x_wconf 78' lang='lat' dir='ltr'>Polyphemo</span> <span class='ocrx_word' id='word_1_25' title='bbox 289 649 381 694; x_wconf 91' lang='lat' dir='ltr'>suam</span> <span class='ocrx_word' id='word_1_26' title='bbox 397 628 545 693; x_wconf 90' lang='lat' dir='ltr'>nimirum</span> <span class='ocrx_word' id='word_1_27' title='bbox 568 628 596 692; x_wconf 92' lang='lat' dir='ltr'>si</span> <span class='ocrx_word' id='word_1_28' title='bbox 618 626 668 692; x_wconf 94' lang='lat' dir='ltr'>dis</span> <span class='ocrx_word' id='word_1_29' title='bbox 683 627 791 710; x_wconf 92' lang='lat' dir='ltr'>placet</span> <span class='ocrx_word' id='word_1_30' title='bbox 813 632 903 708; x_wconf 88' lang='lat' dir='ltr'>patet</span> <span class='ocrx_word' id='word_1_31' title='bbox 920 646 962 691; x_wconf 83' lang='lat' dir='ltr'>ex</span> <span class='ocrx_word' id='word_1_32' title='bbox 977 625 1066 691; x_wconf 89' lang='lat' dir='ltr'>Seru.</span> <span class='ocrx_word' id='word_1_33' title='bbox 1082 626 1125 690; x_wconf 90' lang='lat' dir='ltr'>ad</span> <span class='ocrx_word' id='word_1_34' title='bbox 1141 625 1220 692; x_wconf 89' lang='lat' dir='ltr'>Aen.</span> 
     </span>
     <span class='ocr_line' id='line_1_8' title="bbox 24 711 1220 830; baseline -0.003 -35"><span class='ocrx_word' id='word_1_35' title='bbox 24 711 26 830; x_wconf 59' lang='grc' dir='ltr'><strong>ἱ</strong></span> <span class='ocrx_word' id='word_1_36' title='bbox 81 731 129 813; x_wconf 84' lang='grc' dir='ltr'>ΠΙ,</span> <span class='ocrx_word' id='word_1_37' title='bbox 145 734 221 795; x_wconf 79' lang='lat'><strong>636:</strong></span> <span class='ocrx_word' id='word_1_38' title='bbox 255 724 363 796; x_wconf 90' lang='lat' dir='ltr'>‘multi</span> <span class='ocrx_word' id='word_1_39' title='bbox 385 728 620 813; x_wconf 86' lang='lat' dir='ltr'><strong>Polyphemum</strong></span> <span class='ocrx_word' id='word_1_40' title='bbox 643 728 753 795; x_wconf 90' lang='lat' dir='ltr'>dicunt</span> <span class='ocrx_word' id='word_1_41' title='bbox 779 749 876 794; x_wconf 90' lang='lat' dir='ltr'>unum</span> <span class='ocrx_word' id='word_1_42' title='bbox 905 728 1055 794; x_wconf 75' lang='lat' dir='ltr'>habuisse</span> <span class='ocrx_word' id='word_1_43' title='bbox 1084 729 1220 812; x_wconf 91' lang='lat' dir='ltr'>oculum,</span> 
     </span>
     <span class='ocr_line' id='line_1_9' title="bbox 24 830 1220 916; baseline 0 -20"><span class='ocrx_word' id='word_1_44' title='bbox 24 833 25 836; x_wconf 73' lang='grc'>’</span> <span class='ocrx_word' id='word_1_45' title='bbox 80 833 128 896; x_wconf 85' lang='lat' dir='ltr'>alii</span> <span class='ocrx_word' id='word_1_46' title='bbox 143 833 234 916; x_wconf 91' lang='lat' dir='ltr'>duos,</span> <span class='ocrx_word' id='word_1_47' title='bbox 258 834 319 898; x_wconf 91' lang='lat' dir='ltr'>alii</span> <span class='ocrx_word' id='word_1_48' title='bbox 334 841 412 899; x_wconf 89' lang='lat' dir='ltr'>tres:</span> <span class='ocrx_word' id='word_1_49' title='bbox 436 832 494 898; x_wconf 89' lang='lat' dir='ltr'>sed</span> <span class='ocrx_word' id='word_1_50' title='bbox 509 838 611 897; x_wconf 90' lang='lat' dir='ltr'>totum</span> <span class='ocrx_word' id='word_1_51' title='bbox 626 832 807 897; x_wconf 89' lang='lat' dir='ltr'>fabulosum</span> <span class='ocrx_word' id='word_1_52' title='bbox 823 838 880 898; x_wconf 89' lang='lat' dir='ltr'>est.</span> <span class='ocrx_word' id='word_1_53' title='bbox 907 851 982 895; x_wconf 90' lang='lat' dir='ltr'>nam</span> <span class='ocrx_word' id='word_1_54' title='bbox 997 830 1050 898; x_wconf 90' lang='lat' dir='ltr'>hic</span> <span class='ocrx_word' id='word_1_55' title='bbox 1064 833 1114 896; x_wconf 90' lang='lat' dir='ltr'>uir</span> <span class='ocrx_word' id='word_1_56' title='bbox 1132 852 1220 916; x_wconf 90' lang='lat' dir='ltr'>pru-</span> 
     </span>
     <span class='ocr_line' id='line_1_10' title="bbox 80 931 1220 1019; baseline 0 -21"><span class='ocrx_word' id='word_1_57' title='bbox 80 933 339 1002; x_wconf 87' lang='lat' dir='ltr'>dentissimus</span> <span class='ocrx_word' id='word_1_58' title='bbox 361 935 431 1018; x_wconf 89' lang='lat' dir='ltr'>fuit,</span> <span class='ocrx_word' id='word_1_59' title='bbox 454 941 486 1000; x_wconf 92' lang='lat' dir='ltr'>et</span> <span class='ocrx_word' id='word_1_60' title='bbox 507 935 548 1000; x_wconf 88' lang='lat' dir='ltr'>ob</span> <span class='ocrx_word' id='word_1_61' title='bbox 564 933 626 1001; x_wconf 90' lang='lat' dir='ltr'>hoc</span> <span class='ocrx_word' id='word_1_62' title='bbox 641 936 767 1000; x_wconf 91' lang='lat' dir='ltr'>oculum</span> <span class='ocrx_word' id='word_1_63' title='bbox 789 935 823 999; x_wconf 94' lang='lat' dir='ltr'>in</span> <span class='ocrx_word' id='word_1_64' title='bbox 845 935 950 1019; x_wconf 85' lang='lat' dir='ltr'>capite</span> <span class='ocrx_word' id='word_1_65' title='bbox 973 931 1124 1000; x_wconf 82' lang='lat' dir='ltr'>habuisse</span> <span class='ocrx_word' id='word_1_66' title='bbox 1143 934 1220 1000; x_wconf 90' lang='lat' dir='ltr'>dioi-</span> 
     </span>
     <span class='ocr_line' id='line_1_11' title="bbox 79 1037 1218 1121; baseline -0.001 -20"><span class='ocrx_word' id='word_1_67' title='bbox 79 1042 134 1119; x_wconf 89' lang='lat' dir='ltr'>tur,</span> <span class='ocrx_word' id='word_1_68' title='bbox 163 1038 273 1104; x_wconf 89' lang='lat' dir='ltr'>idest</span> <span class='ocrx_word' id='word_1_69' title='bbox 303 1039 393 1103; x_wconf 86' lang='lat' dir='ltr'>iuxta</span> <span class='ocrx_word' id='word_1_70' title='bbox 418 1037 601 1120; x_wconf 87' lang='lat' dir='ltr'>cerebmm,</span> <span class='ocrx_word' id='word_1_71' title='bbox 630 1038 707 1119; x_wconf 89' lang='lat' dir='ltr'>quia</span> <span class='ocrx_word' id='word_1_72' title='bbox 733 1037 951 1121; x_wconf 87' lang='lat' dir='ltr'>prudentia</span> <span class='ocrx_word' id='word_1_73' title='bbox 979 1037 1051 1120; x_wconf 92' lang='lat' dir='ltr'>plus</span> <span class='ocrx_word' id='word_1_74' title='bbox 1080 1037 1218 1102; x_wconf 84' lang='lat' dir='ltr'>uidebat.</span> 
     </span>
     <span class='ocr_line' id='line_1_12' title="bbox 78 1139 1219 1223; baseline 0.003 -21"><span class='ocrx_word' id='word_1_75' title='bbox 78 1158 178 1204; x_wconf 89' lang='lat' dir='ltr'>uerum</span> <span class='ocrx_word' id='word_1_76' title='bbox 200 1140 321 1206; x_wconf 80' lang='lat' dir='ltr'>Ulixes</span> <span class='ocrx_word' id='word_1_77' title='bbox 345 1159 417 1205; x_wconf 89' lang='lat' dir='ltr'>eum</span> <span class='ocrx_word' id='word_1_78' title='bbox 439 1139 609 1222; x_wconf 89' lang='lat' dir='ltr'>prudentia</span> <span class='ocrx_word' id='word_1_79' title='bbox 630 1140 811 1223; x_wconf 91' lang='lat' dir='ltr'>superauit,</span> <span class='ocrx_word' id='word_1_80' title='bbox 842 1146 874 1204; x_wconf 88' lang='lat' dir='ltr'>et</span> <span class='ocrx_word' id='word_1_81' title='bbox 896 1140 937 1205; x_wconf 90' lang='lat' dir='ltr'>ob</span> <span class='ocrx_word' id='word_1_82' title='bbox 960 1139 1022 1205; x_wconf 91' lang='lat' dir='ltr'>hoc</span> <span class='ocrx_word' id='word_1_83' title='bbox 1048 1159 1121 1204; x_wconf 89' lang='lat' dir='ltr'>eum</span> <span class='ocrx_word' id='word_1_84' title='bbox 1149 1159 1219 1205; x_wconf 78' lang='lat' dir='ltr'>oae-</span> 
     </span>
     <span class='ocr_line' id='line_1_13' title="bbox 78 1232 928 1325; baseline 0.005 -22"><span class='ocrx_word' id='word_1_85' title='bbox 78 1260 158 1307; x_wconf 87' lang='lat' dir='ltr'>casse</span> <span class='ocrx_word' id='word_1_86' title='bbox 180 1232 340 1325; x_wconf 76' lang='lat' dir='ltr'>fingitur&#39;.</span> <span class='ocrx_word' id='word_1_87' title='bbox 375 1242 414 1308; x_wconf 91' lang='lat' dir='ltr'>cf.</span> <span class='ocrx_word' id='word_1_88' title='bbox 436 1240 550 1309; x_wconf 89' lang='lat' dir='ltr'>Lehrs.</span> <span class='ocrx_word' id='word_1_89' title='bbox 564 1241 678 1308; x_wconf 65' lang='lat' dir='ltr'>Arist.2</span> <span class='ocrx_word' id='word_1_90' title='bbox 700 1262 731 1325; x_wconf 88' lang='lat' dir='ltr'>p.</span> <span class='ocrx_word' id='word_1_91' title='bbox 744 1245 805 1305; x_wconf 84' lang='lat'>205</span> <span class='ocrx_word' id='word_1_92' title='bbox 821 1243 928 1307; x_wconf 89' lang='lat' dir='ltr'>adnot.</span> 
     </span>
     <span class='ocr_line' id='line_1_14' title="bbox 152 1343 1219 1428; baseline 0.002 -20"><span class='ocrx_word' id='word_1_93' title='bbox 152 1344 245 1410; x_wconf 89' lang='lat' dir='ltr'>Alias</span> <span class='ocrx_word' id='word_1_94' title='bbox 262 1345 463 1410; x_wconf 88' lang='lat' dir='ltr'>coniecturas</span> <span class='ocrx_word' id='word_1_95' title='bbox 479 1345 520 1410; x_wconf 92' lang='lat' dir='ltr'>de</span> <span class='ocrx_word' id='word_1_96' title='bbox 536 1343 728 1409; x_wconf 80' lang='lat' dir='ltr'>Callimachi</span> <span class='ocrx_word' id='word_1_97' title='bbox 743 1345 875 1428; x_wconf 88' lang='lat' dir='ltr'>epyllio,</span> <span class='ocrx_word' id='word_1_98' title='bbox 891 1345 978 1427; x_wconf 93' lang='lat' dir='ltr'>quod</span> <span class='ocrx_word' id='word_1_99' title='bbox 993 1345 1135 1411; x_wconf 89' lang='lat' dir='ltr'>Hecalae</span> <span class='ocrx_word' id='word_1_100' title='bbox 1151 1352 1219 1410; x_wconf 85' lang='lat' dir='ltr'>arte</span> 
     </span>
     <span class='ocr_line' id='line_1_15' title="bbox 76 1445 1219 1531; baseline 0.004 -23"><span class='ocrx_word' id='word_1_101' title='bbox 76 1453 241 1514; x_wconf 83' lang='lat' dir='ltr'>antenore</span> <span class='ocrx_word' id='word_1_102' title='bbox 265 1448 425 1514; x_wconf 88' lang='lat' dir='ltr'>caelatum</span> <span class='ocrx_word' id='word_1_103' title='bbox 448 1445 610 1529; x_wconf 84' lang='lat' dir='ltr'>fingimus,</span> <span class='ocrx_word' id='word_1_104' title='bbox 634 1465 717 1511; x_wconf 91' lang='lat' dir='ltr'>nunc</span> <span class='ocrx_word' id='word_1_105' title='bbox 739 1446 925 1512; x_wconf 76' lang='lat' dir='ltr'>recidimus:</span> <span class='ocrx_word' id='word_1_106' title='bbox 948 1447 1083 1514; x_wconf 85' lang='lat' dir='ltr'>fortasse</span> <span class='ocrx_word' id='word_1_107' title='bbox 1105 1455 1219 1531; x_wconf 89' lang='lat' dir='ltr'>postea</span> 
     </span>
     <span class='ocr_line' id='line_1_16' title="bbox 76 1546 715 1633; baseline 0.003 -23"><span class='ocrx_word' id='word_1_108' title='bbox 76 1546 217 1616; x_wconf 89' lang='lat' dir='ltr'>adhunc</span> <span class='ocrx_word' id='word_1_109' title='bbox 239 1556 373 1633; x_wconf 86' lang='lat' dir='ltr'>poetam</span> <span class='ocrx_word' id='word_1_110' title='bbox 395 1549 623 1616; x_wconf 89' lang='lat' dir='ltr'>recurrendum</span> <span class='ocrx_word' id='word_1_111' title='bbox 647 1549 715 1614; x_wconf 86' lang='lat' dir='ltr'>erit.</span> 
     </span>
    </p>
   </div>
   <div class='ocr_carea' id='block_1_4' title="bbox 614 1790 678 1865">
    <p class='ocr_par' dir='ltr' id='par_1_4' title="bbox 614 1790 678 1865">
     <span class='ocr_line' id='line_1_17' title="bbox 614 1790 678 1865; baseline 0 -13"><span class='ocrx_word' id='word_1_112' title='bbox 614 1790 678 1865; x_wconf 63' lang='lat'>54.</span> 
     </span>
    </p>
   </div>
   <div class='ocr_carea' id='block_1_5' title="bbox 427 1925 859 1991">
    <p class='ocr_par' dir='ltr' id='par_1_5' title="bbox 427 1925 859 1991">
     <span class='ocr_line' id='line_1_18' title="bbox 427 1925 859 1991; baseline -0.007 0"><span class='ocrx_word' id='word_1_113' title='bbox 427 1925 484 1991; x_wconf 90' lang='lat' dir='ltr'>De</span> <span class='ocrx_word' id='word_1_114' title='bbox 508 1926 683 1991; x_wconf 80' lang='lat' dir='ltr'>carmine</span> <span class='ocrx_word' id='word_1_115' title='bbox 706 1925 859 1990; x_wconf 88' lang='lat' dir='ltr'>Bionis.</span> 
     </span>
    </p>
   </div>
   <div class='ocr_carea' id='block_1_6' title="bbox 24 2061 1303 4095">
    <p class='ocr_par' dir='ltr' id='par_1_6' title="bbox 24 2061 1215 2657">
     <span class='ocr_line' id='line_1_19' title="bbox 24 2061 1215 2147; baseline -0.001 -18"><span class='ocrx_word' id='word_1_116' title='bbox 24 2081 25 2110; x_wconf 69' lang='lat'><strong>³</strong></span> <span class='ocrx_word' id='word_1_117' title='bbox 150 2061 244 2130; x_wconf 91' lang='lat' dir='ltr'>Unus</span> <span class='ocrx_word' id='word_1_118' title='bbox 268 2069 368 2129; x_wconf 87' lang='lat' dir='ltr'>restat</span> <span class='ocrx_word' id='word_1_119' title='bbox 389 2069 555 2146; x_wconf 86' lang='lat' dir='ltr'>poetarum</span> <span class='ocrx_word' id='word_1_120' title='bbox 577 2062 882 2144; x_wconf 82' lang='lat' dir='ltr'>Alexandrinorum,</span> <span class='ocrx_word' id='word_1_121' title='bbox 909 2082 1005 2144; x_wconf 89' lang='lat' dir='ltr'>quem</span> <span class='ocrx_word' id='word_1_122' title='bbox 1026 2061 1101 2128; x_wconf 91' lang='lat' dir='ltr'>huic</span> <span class='ocrx_word' id='word_1_123' title='bbox 1123 2084 1215 2147; x_wconf 84' lang='lat' dir='ltr'>argu-</span> 
     </span>
     <span class='ocr_line' id='line_1_20' title="bbox 75 2164 1214 2249; baseline 0.005 -24"><span class='ocrx_word' id='word_1_124' title='bbox 75 2170 171 2230; x_wconf 89' lang='lat' dir='ltr'>mento</span> <span class='ocrx_word' id='word_1_125' title='bbox 187 2185 323 2249; x_wconf 88' lang='lat' dir='ltr'>operam</span> <span class='ocrx_word' id='word_1_126' title='bbox 336 2165 534 2248; x_wconf 85' lang='lat' dir='ltr'>impendisse</span> <span class='ocrx_word' id='word_1_127' title='bbox 557 2166 674 2232; x_wconf 90' lang='lat' dir='ltr'>scimus</span> <span class='ocrx_word' id='word_1_128' title='bbox 696 2164 816 2230; x_wconf 91' lang='lat' dir='ltr'>indicio</span> <span class='ocrx_word' id='word_1_129' title='bbox 839 2170 889 2230; x_wconf 91' lang='lat' dir='ltr'>sat</span> <span class='ocrx_word' id='word_1_130' title='bbox 911 2170 1007 2247; x_wconf 89' lang='lat' dir='ltr'>certo,</span> <span class='ocrx_word' id='word_1_131' title='bbox 1030 2165 1090 2230; x_wconf 87' lang='lat' dir='ltr'>Bio</span> <span class='ocrx_word' id='word_1_132' title='bbox 1105 2164 1214 2249; x_wconf 83' lang='lat' dir='ltr'>Smyr-</span> 
     </span>
     <span class='ocr_line' id='line_1_21' title="bbox 74 2264 1215 2352; baseline 0.007 -26"><span class='ocrx_word' id='word_1_133' title='bbox 74 2283 174 2349; x_wconf 86' lang='lat' dir='ltr'>naeus,</span> <span class='ocrx_word' id='word_1_134' title='bbox 199 2288 297 2350; x_wconf 90' lang='lat' dir='ltr'>quem</span> <span class='ocrx_word' id='word_1_135' title='bbox 318 2267 520 2349; x_wconf 74' lang='grc' dir='ltr'><strong><em>βονκολικοῑν</em></strong></span> <span class='ocrx_word' id='word_1_136' title='bbox 536 2264 627 2331; x_wconf 76' lang='grc' dir='ltr'><strong><em>ἐπιόν</em></strong></span> <span class='ocrx_word' id='word_1_137' title='bbox 642 2266 793 2352; x_wconf 77' lang='grc' dir='ltr'><strong><em>ποιητῶν</em></strong></span> <span class='ocrx_word' id='word_1_138' title='bbox 808 2272 953 2349; x_wconf 89' lang='lat' dir='ltr'>tempore</span> <span class='ocrx_word' id='word_1_139' title='bbox 968 2267 1096 2333; x_wconf 82' lang='lat' dir='ltr'>tertium</span> <span class='ocrx_word' id='word_1_140' title='bbox 1116 2267 1215 2334; x_wconf 85' lang='lat' dir='ltr'>fuisso</span> 
     </span>
     <span class='ocr_line' id='line_1_22' title="bbox 74 2366 1214 2453; baseline 0.007 -25"><span class='ocrx_word' id='word_1_141' title='bbox 74 2385 148 2434; x_wconf 91' lang='lat' dir='ltr'>nunc</span> <span class='ocrx_word' id='word_1_142' title='bbox 169 2371 304 2451; x_wconf 88' lang='lat' dir='ltr'>quidem</span> <span class='ocrx_word' id='word_1_143' title='bbox 320 2369 440 2436; x_wconf 84' lang='lat' dir='ltr'>Suidae</span> <span class='ocrx_word' id='word_1_144' title='bbox 455 2391 479 2436; x_wconf 92' lang='lat' dir='ltr'>s.</span> <span class='ocrx_word' id='word_1_145' title='bbox 492 2389 522 2432; x_wconf 90' lang='lat' dir='ltr'>u.</span> <span class='ocrx_word' id='word_1_146' title='bbox 537 2366 715 2453; x_wconf 79' lang='grc' dir='ltr'><strong><em>Θεόκριτος</em></strong></span> <span class='ocrx_word' id='word_1_147' title='bbox 737 2368 884 2434; x_wconf 88' lang='lat' dir='ltr'>creditur.</span> <span class='ocrx_word' id='word_1_148' title='bbox 921 2367 1107 2435; x_wconf 80' lang='lat' dir='ltr'>Laudentur</span> <span class='ocrx_word' id='word_1_149' title='bbox 1129 2371 1214 2437; x_wconf 89' lang='lat' dir='ltr'>enim</span> 
     </span>
     <span class='ocr_line' id='line_1_23' title="bbox 75 2466 1213 2556; baseline 0.005 -26"><span class='ocrx_word' id='word_1_150' title='bbox 75 2469 250 2539; x_wconf 86' lang='lat' dir='ltr'>aStobaeo</span> <span class='ocrx_word' id='word_1_151' title='bbox 272 2471 477 2556; x_wconf 85' lang='lat' dir='ltr'>flor.110,17</span> <span class='ocrx_word' id='word_1_152' title='bbox 507 2472 565 2537; x_wconf 92' lang='lat' dir='ltr'>sub</span> <span class='ocrx_word' id='word_1_153' title='bbox 588 2472 681 2537; x_wconf 93' lang='lat' dir='ltr'>titulo</span> <span class='ocrx_word' id='word_1_154' title='bbox 711 2469 790 2554; x_wconf 84' lang='grc' dir='ltr'><strong><em>περὶ</em></strong></span> <span class='ocrx_word' id='word_1_155' title='bbox 814 2466 951 2545; x_wconf 77' lang='grc' dir='ltr'><strong><em>ἐλπίδος</em></strong></span> <span class='ocrx_word' id='word_1_156' title='bbox 981 2470 1062 2539; x_wconf 89' lang='lat' dir='ltr'>haec</span> <span class='ocrx_word' id='word_1_157' title='bbox 1091 2468 1125 2536; x_wconf 80' lang='grc' dir='ltr'>ἐκ</span> <span class='ocrx_word' id='word_1_158' title='bbox 1147 2475 1213 2537; x_wconf 75' lang='grc' dir='ltr'><strong><em>τοῖν</em></strong></span> 
     </span>
     <span class='ocr_line' id='line_1_24' title="bbox 74 2573 749 2657; baseline 0.012 -25"><span class='ocrx_word' id='word_1_159' title='bbox 74 2573 124 2634; x_wconf 79' lang='grc' dir='ltr'>τοῦ</span> <span class='ocrx_word' id='word_1_160' title='bbox 145 2577 278 2650; x_wconf 88' lang='grc' dir='ltr'><strong><em>Βίωνος</em></strong></span> <span class='ocrx_word' id='word_1_161' title='bbox 299 2574 500 2657; x_wconf 76' lang='grc' dir='ltr'><strong><em>βανκολικιῦν</em></strong></span> <span class='ocrx_word' id='word_1_162' title='bbox 522 2574 611 2654; x_wconf 88' lang='lat' dir='ltr'>(Ahr.</span> <span class='ocrx_word' id='word_1_163' title='bbox 626 2573 663 2639; x_wconf 84' lang='lat' dir='ltr'>fr.</span> <span class='ocrx_word' id='word_1_164' title='bbox 676 2574 749 2652; x_wconf 86' lang='lat' dir='ltr'>XV)</span> 
     </span>
    </p>

    <p class='ocr_par' dir='ltr' id='par_1_7' title="bbox 190 2667 1097 3071">
     <span class='ocr_line' id='line_1_25' title="bbox 192 2667 1097 2763; baseline 0 -21"><span class='ocrx_word' id='word_1_165' title='bbox 192 2670 300 2763; x_wconf 79' lang='grc' dir='ltr'><strong><em>αὐτὰρ</em></strong></span> <span class='ocrx_word' id='word_1_166' title='bbox 324 2675 405 2763; x_wconf 76' lang='grc' dir='ltr'>ἐγών</span> <span class='ocrx_word' id='word_1_167' title='bbox 427 2679 593 2762; x_wconf 80' lang='grc' dir='ltr'><strong><em>βασεῦμαι</em></strong></span> <span class='ocrx_word' id='word_1_168' title='bbox 616 2673 698 2760; x_wconf 76' lang='grc' dir='ltr'><strong><em>ἐμάν</em></strong></span> <span class='ocrx_word' id='word_1_169' title='bbox 720 2667 800 2741; x_wconf 79' lang='grc' dir='ltr'><strong><em>ὁδόν</em></strong></span> <span class='ocrx_word' id='word_1_170' title='bbox 823 2672 856 2752; x_wconf 80' lang='grc' dir='ltr'>ἒς</span> <span class='ocrx_word' id='word_1_171' title='bbox 878 2671 915 2741; x_wconf 84' lang='grc' dir='ltr'>τό</span> <span class='ocrx_word' id='word_1_172' title='bbox 939 2672 1097 2754; x_wconf 77' lang='grc' dir='ltr'><strong><em>κάταντες</em></strong></span> 
     </span>
     <span class='ocr_line' id='line_1_26' title="bbox 190 2771 1060 2865; baseline 0 -20"><span class='ocrx_word' id='word_1_173' title='bbox 190 2783 234 2864; x_wconf 64' lang='grc' dir='ltr'><em>τί</em></span> <span class='ocrx_word' id='word_1_174' title='bbox 236 2804 273 2845; x_wconf 92' lang='grc' dir='ltr'>νο</span> <span class='ocrx_word' id='word_1_175' title='bbox 295 2782 377 2847; x_wconf 81' lang='grc' dir='ltr'><strong><em>ποτὶ</em></strong></span> <span class='ocrx_word' id='word_1_176' title='bbox 399 2778 566 2865; x_wconf 74' lang='grc' dir='ltr'><strong><em>ψάμαθόν</em></strong></span> <span class='ocrx_word' id='word_1_177' title='bbox 588 2803 624 2844; x_wconf 87' lang='grc' dir='ltr'>τε</span> <span class='ocrx_word' id='word_1_178' title='bbox 646 2780 701 2844; x_wconf 85' lang='grc' dir='ltr'>καὶ</span> <span class='ocrx_word' id='word_1_179' title='bbox 722 2771 821 2865; x_wconf 80' lang='grc' dir='ltr'><strong><em>ἠϊόνα</em></strong></span> <span class='ocrx_word' id='word_1_180' title='bbox 843 2777 1060 2864; x_wconf 62' lang='lat' dir='ltr'>deductorium</span> 
     </span>
     <span class='ocr_line' id='line_1_27' title="bbox 193 2873 1085 2969; baseline -0.006 -21"><span class='ocrx_word' id='word_1_181' title='bbox 193 2882 391 2966; x_wconf 81' lang='grc' dir='ltr'><strong><em>λισσόμενος</em></strong></span> <span class='ocrx_word' id='word_1_182' title='bbox 414 2880 600 2949; x_wconf 81' lang='grc' dir='ltr'><strong><em>Γαλάτειαν</em></strong></span> <span class='ocrx_word' id='word_1_183' title='bbox 623 2873 769 2969; x_wconf 83' lang='grc' dir='ltr'><strong><em>άνιηνέα·</em></strong></span> <span class='ocrx_word' id='word_1_184' title='bbox 791 2878 853 2957; x_wconf 83' lang='grc' dir='ltr'>τὰς</span> <span class='ocrx_word' id='word_1_185' title='bbox 875 2880 911 2946; x_wconf 75' lang='grc' dir='ltr'>δὲ</span> <span class='ocrx_word' id='word_1_186' title='bbox 933 2881 1085 2965; x_wconf 79' lang='grc' dir='ltr'><strong><em>γλυκείας</em></strong></span> 
     </span>
     <span class='ocr_line' id='line_1_28' title="bbox 193 2975 1058 3071; baseline -0.006 -21"><span class='ocrx_word' id='word_1_187' title='bbox 193 2983 336 3061; x_wconf 74' lang='grc' dir='ltr'><strong><em>ἐλπίδας</em></strong></span> <span class='ocrx_word' id='word_1_188' title='bbox 358 2980 504 3050; x_wconf 67' lang='lat' dir='ltr'>icamia</span> <span class='ocrx_word' id='word_1_189' title='bbox 526 2988 621 3071; x_wconf 81' lang='grc' dir='ltr'><strong><em>μέχρι</em></strong></span> <span class='ocrx_word' id='word_1_190' title='bbox 642 2982 763 3070; x_wconf 76' lang='grc' dir='ltr'><strong><em>γήραος</em></strong></span> <span class='ocrx_word' id='word_1_191' title='bbox 786 2975 844 3048; x_wconf 77' lang='lat' dir='ltr'>cdx</span> <span class='ocrx_word' id='word_1_192' title='bbox 868 2975 1058 3066; x_wconf 80' lang='grc' dir='ltr'><strong><em>άνιολειψῶ.</em></strong></span> 
     </span>
    </p>

    <p class='ocr_par' dir='ltr' id='par_1_8' title="bbox 24 3079 1303 4095">
     <span class='ocr_line' id='line_1_29' title="bbox 24 3079 1209 3172; baseline 0.003 -26"><span class='ocrx_word' id='word_1_193' title='bbox 24 3111 25 3114; x_wconf 43' lang='grc'><strong>“</strong></span> <span class='ocrx_word' id='word_1_194' title='bbox 74 3079 167 3153; x_wconf 87' lang='lat' dir='ltr'>Nemo</span> <span class='ocrx_word' id='word_1_195' title='bbox 191 3087 369 3172; x_wconf 89' lang='lat' dir='ltr'>dubitauit,</span> <span class='ocrx_word' id='word_1_196' title='bbox 399 3090 476 3171; x_wconf 89' lang='lat' dir='ltr'>quin</span> <span class='ocrx_word' id='word_1_197' title='bbox 498 3087 667 3154; x_wconf 84' lang='lat' dir='ltr'>referenda</span> <span class='ocrx_word' id='word_1_198' title='bbox 689 3093 796 3154; x_wconf 89' lang='lat' dir='ltr'>essent</span> <span class='ocrx_word' id='word_1_199' title='bbox 816 3085 897 3152; x_wconf 94' lang='lat' dir='ltr'>haec</span> <span class='ocrx_word' id='word_1_200' title='bbox 925 3086 968 3150; x_wconf 94' lang='lat' dir='ltr'>ad</span> <span class='ocrx_word' id='word_1_201' title='bbox 997 3106 1126 3152; x_wconf 89' lang='lat' dir='ltr'>carmen</span> <span class='ocrx_word' id='word_1_202' title='bbox 1153 3087 1209 3150; x_wconf 90' lang='lat' dir='ltr'>ali·</span> 
     </span>
     <span class='ocr_line' id='line_1_30' title="bbox 75 3188 1209 3276; baseline 0.003 -26"><span class='ocrx_word' id='word_1_203' title='bbox 75 3189 152 3265; x_wconf 87' lang='lat' dir='ltr'>quod</span> <span class='ocrx_word' id='word_1_204' title='bbox 167 3213 188 3256; x_wconf 91' lang='lat' dir='ltr'>a</span> <span class='ocrx_word' id='word_1_205' title='bbox 202 3193 305 3257; x_wconf 90' lang='lat' dir='ltr'>Bione</span> <span class='ocrx_word' id='word_1_206' title='bbox 320 3190 361 3257; x_wconf 91' lang='lat' dir='ltr'>de</span> <span class='ocrx_word' id='word_1_207' title='bbox 376 3192 569 3276; x_wconf 78' lang='lat' dir='ltr'>Polyphemi</span> <span class='ocrx_word' id='word_1_208' title='bbox 584 3197 617 3257; x_wconf 90' lang='lat' dir='ltr'>et</span> <span class='ocrx_word' id='word_1_209' title='bbox 631 3190 787 3256; x_wconf 80' lang='lat' dir='ltr'>Galateae</span> <span class='ocrx_word' id='word_1_210' title='bbox 804 3188 966 3254; x_wconf 89' lang='lat' dir='ltr'>amoribus</span> <span class='ocrx_word' id='word_1_211' title='bbox 989 3189 1209 3270; x_wconf 90' lang='lat' dir='ltr'>compositum.</span> 
     </span>
     <span class='ocr_line' id='line_1_31' title="bbox 75 3281 1303 3380; baseline 0.003 -28"><span class='ocrx_word' id='word_1_212' title='bbox 75 3283 177 3358; x_wconf 89' lang='lat' dir='ltr'>Prodit</span> <span class='ocrx_word' id='word_1_213' title='bbox 196 3301 304 3360; x_wconf 87' lang='lat' dir='ltr'>autom</span> <span class='ocrx_word' id='word_1_214' title='bbox 326 3295 359 3358; x_wconf 96' lang='lat' dir='ltr'>in</span> <span class='ocrx_word' id='word_1_215' title='bbox 382 3301 586 3380; x_wconf 90' lang='lat' dir='ltr'>conspectum</span> <span class='ocrx_word' id='word_1_216' title='bbox 601 3290 830 3375; x_wconf 87' lang='lat' dir='ltr'>Polyphemus,</span> <span class='ocrx_word' id='word_1_217' title='bbox 852 3311 873 3356; x_wconf 85' lang='lat' dir='ltr'>a</span> <span class='ocrx_word' id='word_1_218' title='bbox 896 3309 959 3373; x_wconf 92' lang='lat' dir='ltr'>quo</span> <span class='ocrx_word' id='word_1_219' title='bbox 982 3291 1090 3373; x_wconf 84' lang='lat' dir='ltr'>cogita</span> <span class='ocrx_word' id='word_1_220' title='bbox 1111 3292 1211 3357; x_wconf 91' lang='lat' dir='ltr'>uerba</span> <span class='ocrx_word' id='word_1_221' title='bbox 1301 3281 1303 3285; x_wconf 60' lang='grc'>’</span> 
     </span>
     <span class='ocr_line' id='line_1_32' title="bbox 75 3386 1210 3479; baseline 0.01 -30"><span class='ocrx_word' id='word_1_222' title='bbox 75 3386 125 3456; x_wconf 88' lang='lat' dir='ltr'>illa</span> <span class='ocrx_word' id='word_1_223' title='bbox 146 3396 366 3478; x_wconf 86' lang='lat' dir='ltr'>pronuntiata,</span> <span class='ocrx_word' id='word_1_224' title='bbox 393 3397 426 3462; x_wconf 89' lang='lat' dir='ltr'>in</span> <span class='ocrx_word' id='word_1_225' title='bbox 448 3396 581 3479; x_wconf 90' lang='lat' dir='ltr'>scopulo</span> <span class='ocrx_word' id='word_1_226' title='bbox 604 3394 707 3460; x_wconf 90' lang='lat' dir='ltr'>litoris</span> <span class='ocrx_word' id='word_1_227' title='bbox 729 3392 892 3476; x_wconf 87' lang='lat' dir='ltr'>nymphae</span> <span class='ocrx_word' id='word_1_228' title='bbox 914 3393 1057 3458; x_wconf 88' lang='lat' dir='ltr'>marinae</span> <span class='ocrx_word' id='word_1_229' title='bbox 1079 3394 1210 3460; x_wconf 86' lang='lat' dir='ltr'>mollem</span> 
     </span>
     <span class='ocr_line' id='line_1_33' title="bbox 76 3496 1210 3581; baseline 0.01 -28"><span class='ocrx_word' id='word_1_230' title='bbox 76 3496 258 3564; x_wconf 91' lang='lat' dir='ltr'>cantilenam</span> <span class='ocrx_word' id='word_1_231' title='bbox 289 3499 436 3564; x_wconf 89' lang='lat' dir='ltr'>omittens</span> <span class='ocrx_word' id='word_1_232' title='bbox 463 3535 504 3543; x_wconf 93' lang='lat'><strong>—</strong></span> <span class='ocrx_word' id='word_1_233' title='bbox 533 3498 608 3561; x_wconf 92' lang='lat' dir='ltr'>trita</span> <span class='ocrx_word' id='word_1_234' title='bbox 636 3497 760 3579; x_wconf 80' lang='lat' dir='ltr'>imago,</span> <span class='ocrx_word' id='word_1_235' title='bbox 794 3516 890 3578; x_wconf 90' lang='lat' dir='ltr'>quam</span> <span class='ocrx_word' id='word_1_236' title='bbox 918 3497 1104 3562; x_wconf 89' lang='lat' dir='ltr'>sollemnem</span> <span class='ocrx_word' id='word_1_237' title='bbox 1136 3498 1210 3581; x_wconf 92' lang='lat' dir='ltr'>plus</span> 
     </span>
     <span class='ocr_line' id='line_1_34' title="bbox 75 3589 1208 3685; baseline 0.005 -26"><span class='ocrx_word' id='word_1_238' title='bbox 75 3598 166 3662; x_wconf 82' lang='lat' dir='ltr'>semel</span> <span class='ocrx_word' id='word_1_239' title='bbox 181 3598 460 3683; x_wconf 88' lang='lat' dir='ltr'>deprehendimus.</span> <span class='ocrx_word' id='word_1_240' title='bbox 496 3599 569 3665; x_wconf 92' lang='lat' dir='ltr'>Non</span> <span class='ocrx_word' id='word_1_241' title='bbox 585 3606 633 3665; x_wconf 89' lang='lat' dir='ltr'>est</span> <span class='ocrx_word' id='word_1_242' title='bbox 648 3606 780 3665; x_wconf 86' lang='lat' dir='ltr'>exorata</span> <span class='ocrx_word' id='word_1_243' title='bbox 795 3598 932 3664; x_wconf 80' lang='lat' dir='ltr'>Galatea</span> <span class='ocrx_word' id='word_1_244' title='bbox 948 3589 1077 3685; x_wconf 68' lang='grc' dir='ltr'><strong><em>ἀπηνής</em></strong></span> <span class='ocrx_word' id='word_1_245' title='bbox 1100 3608 1208 3666; x_wconf 89' lang='lat' dir='ltr'>tenero</span> 
     </span>
     <span class='ocr_line' id='line_1_35' title="bbox 76 3700 1207 3787; baseline 0.004 -28"><span class='ocrx_word' id='word_1_246' title='bbox 76 3703 160 3763; x_wconf 82' lang='lat' dir='ltr'>cantu</span> <span class='ocrx_word' id='word_1_247' title='bbox 176 3700 335 3787; x_wconf 82' lang='lat' dir='ltr'>Cyclopis.</span> <span class='ocrx_word' id='word_1_248' title='bbox 375 3702 416 3768; x_wconf 82' lang='lat' dir='ltr'>Et</span> <span class='ocrx_word' id='word_1_249' title='bbox 430 3704 557 3768; x_wconf 90' lang='lat' dir='ltr'>uidetur</span> <span class='ocrx_word' id='word_1_250' title='bbox 575 3702 681 3768; x_wconf 90' lang='lat' dir='ltr'>mollis</span> <span class='ocrx_word' id='word_1_251' title='bbox 703 3709 800 3785; x_wconf 86' lang='lat' dir='ltr'>poeta</span> <span class='ocrx_word' id='word_1_252' title='bbox 821 3703 960 3785; x_wconf 83' lang='lat' dir='ltr'>uestigia</span> <span class='ocrx_word' id='word_1_253' title='bbox 982 3722 1129 3786; x_wconf 88' lang='lat' dir='ltr'>premens</span> <span class='ocrx_word' id='word_1_254' title='bbox 1151 3702 1207 3765; x_wconf 91' lang='lat' dir='ltr'>bu-</span> 
     </span>
     <span class='ocr_line' id='line_1_36' title="bbox 76 3799 1206 3890; baseline 0.009 -32"><span class='ocrx_word' id='word_1_255' title='bbox 76 3799 238 3869; x_wconf 90' lang='lat' dir='ltr'>colicorum</span> <span class='ocrx_word' id='word_1_256' title='bbox 267 3806 421 3890; x_wconf 87' lang='lat' dir='ltr'>principis</span> <span class='ocrx_word' id='word_1_257' title='bbox 443 3812 571 3871; x_wconf 89' lang='lat' dir='ltr'>teneros</span> <span class='ocrx_word' id='word_1_258' title='bbox 593 3803 727 3871; x_wconf 86' lang='lat' dir='ltr'>affectus</span> <span class='ocrx_word' id='word_1_259' title='bbox 749 3825 807 3871; x_wconf 90' lang='lat' dir='ltr'>suo</span> <span class='ocrx_word' id='word_1_260' title='bbox 830 3826 872 3871; x_wconf 85' lang='lat' dir='ltr'>ex</span> <span class='ocrx_word' id='word_1_261' title='bbox 895 3825 984 3871; x_wconf 89' lang='lat' dir='ltr'>more</span> <span class='ocrx_word' id='word_1_262' title='bbox 1010 3805 1105 3869; x_wconf 91' lang='lat' dir='ltr'>nimis</span> <span class='ocrx_word' id='word_1_263' title='bbox 1135 3805 1206 3868; x_wconf 90' lang='lat' dir='ltr'>sub-</span> 
     </span>
     <span class='ocr_line' id='line_1_37' title="bbox 76 3896 1206 3992; baseline 0.012 -34"><span class='ocrx_word' id='word_1_264' title='bbox 76 3896 164 3968; x_wconf 88' lang='lat' dir='ltr'>tiliter</span> <span class='ocrx_word' id='word_1_265' title='bbox 178 3908 374 3990; x_wconf 85' lang='lat' dir='ltr'>expoliuisse</span> <span class='ocrx_word' id='word_1_266' title='bbox 397 3913 430 3972; x_wconf 89' lang='lat' dir='ltr'>ot</span> <span class='ocrx_word' id='word_1_267' title='bbox 451 3913 652 3990; x_wconf 82' lang='lat' dir='ltr'>extenuasse,</span> <span class='ocrx_word' id='word_1_268' title='bbox 674 3910 796 3992; x_wconf 89' lang='lat' dir='ltr'>quippe</span> <span class='ocrx_word' id='word_1_269' title='bbox 811 3909 865 3990; x_wconf 91' lang='lat' dir='ltr'>qui</span> <span class='ocrx_word' id='word_1_270' title='bbox 888 3903 1112 3991; x_wconf 69' lang='grc' dir='ltr'><strong><em>ψιθυρίζοντα</em></strong></span> <span class='ocrx_word' id='word_1_271' title='bbox 1134 3926 1206 3989; x_wconf 91' lang='lat' dir='ltr'>pro·</span> 
     </span>
     <span class='ocr_line' id='line_1_38' title="bbox 75 4008 1206 4095; baseline -0.004 -17"><span class='ocrx_word' id='word_1_272' title='bbox 75 4013 164 4078; x_wconf 81' lang='lat' dir='ltr'>uorat</span> <span class='ocrx_word' id='word_1_273' title='bbox 174 4029 256 4093; x_wconf 89' lang='lat' dir='ltr'>eum,</span> <span class='ocrx_word' id='word_1_274' title='bbox 273 4010 362 4076; x_wconf 92' lang='lat' dir='ltr'>cuius</span> <span class='ocrx_word' id='word_1_275' title='bbox 378 4029 443 4075; x_wconf 87' lang='lat' dir='ltr'>uox</span> <span class='ocrx_word' id='word_1_276' title='bbox 458 4010 512 4074; x_wconf 91' lang='lat' dir='ltr'>ucl</span> <span class='ocrx_word' id='word_1_277' title='bbox 526 4008 632 4076; x_wconf 87' lang='lat' dir='ltr'>fistula</span> <span class='ocrx_word' id='word_1_278' title='bbox 647 4011 703 4076; x_wconf 83' lang='lat' dir='ltr'>uix</span> <span class='ocrx_word' id='word_1_279' title='bbox 718 4011 907 4095; x_wconf 87' lang='lat' dir='ltr'>aequiparet</span> <span class='ocrx_word' id='word_1_280' title='bbox 921 4010 1030 4075; x_wconf 89' lang='lat' dir='ltr'>mitem</span> <span class='ocrx_word' id='word_1_281' title='bbox 1045 4028 1206 4075; x_wconf 92' lang='lat' dir='ltr'>susurrum</span> 
     </span>
    </p>
   </div>
   <div class='ocr_carea' id='block_1_7' title="bbox 0 0 1504 4674">
    <p class='ocr_par' dir='ltr' id='par_1_9' title="bbox 0 0 1504 4674">
     <span class='ocr_line' id='line_1_39' title="bbox 0 0 1504 4674; baseline 0 1"><span class='ocrx_word' id='word_1_282' title='bbox 0 0 1504 4674; x_wconf 95' lang='lat' dir='ltr'> </span> 
     </span>
    </p>
   </div>
  </div>
 </body>
</html>
