<?xml version="1.0" encoding="UTF-8"?>
<!DOCTYPE html PUBLIC "-//W3C//DTD XHTML 1.0 Transitional//EN"
    "http://www.w3.org/TR/xhtml1/DTD/xhtml1-transitional.dtd">
<html xmlns="http://www.w3.org/1999/xhtml" xml:lang="en" lang="en">
 <head>
  <title>
</title>
<meta http-equiv="Content-Type" content="text/html;charset=utf-8" />
  <meta name='ocr-system' content='tesseract 3.04.00' />
  <meta name='ocr-capabilities' content='ocr_page ocr_carea ocr_par ocr_line ocrx_word'/>
</head>
<body>
  <div class='ocr_page' id='page_1' title='image "./depolyphemoetga00hollgoog_0126.png"; bbox 0 0 2998 4674; ppageno 0'>
   <div class='ocr_carea' id='block_1_1' title="bbox 467 251 1243 320">
    <p class='ocr_par' dir='ltr' id='par_1_1' title="bbox 467 251 1243 320">
     <span class='ocr_line' id='line_1_1' title="bbox 467 251 1243 320; baseline 0.01 -16"><span class='ocrx_word' id='word_1_1' title='bbox 467 251 509 304; x_wconf 89' lang='lat' dir='ltr'>De</span> <span class='ocrx_word' id='word_1_2' title='bbox 526 251 690 320; x_wconf 77' lang='lat' dir='ltr'><strong>Polyphemo</strong></span> <span class='ocrx_word' id='word_1_3' title='bbox 708 259 736 306; x_wconf 89' lang='lat' dir='ltr'>et</span> <span class='ocrx_word' id='word_1_4' title='bbox 753 253 873 306; x_wconf 79' lang='lat' dir='ltr'>Galatea.</span> <span class='ocrx_word' id='word_1_5' title='bbox 1183 253 1243 313; x_wconf 83' lang='lat'>253</span> 
     </span>
    </p>
   </div>
   <div class='ocr_carea' id='block_1_2' title="bbox 12 423 1246 1425">
    <p class='ocr_par' dir='ltr' id='par_1_2' title="bbox 12 423 1244 590">
     <span class='ocr_line' id='line_1_2' title="bbox 12 423 1244 512; baseline 0.004 -25"><span class='ocrx_word' id='word_1_6' title='bbox 12 471 13 476; x_wconf 51' lang='lat'>.</span> <span class='ocrx_word' id='word_1_7' title='bbox 96 444 155 488; x_wconf 91' lang='lat' dir='ltr'>suo</span> <span class='ocrx_word' id='word_1_8' title='bbox 183 424 292 487; x_wconf 92' lang='lat' dir='ltr'>animo</span> <span class='ocrx_word' id='word_1_9' title='bbox 321 425 424 508; x_wconf 89' lang='lat' dir='ltr'>magis</span> <span class='ocrx_word' id='word_1_10' title='bbox 453 426 622 508; x_wconf 80' lang='lat' dir='ltr'>indulgens</span> <span class='ocrx_word' id='word_1_11' title='bbox 650 425 745 490; x_wconf 91' lang='lat' dir='ltr'>nimis</span> <span class='ocrx_word' id='word_1_12' title='bbox 773 423 915 491; x_wconf 89' lang='lat' dir='ltr'>limando</span> <span class='ocrx_word' id='word_1_13' title='bbox 944 424 1095 510; x_wconf 83' lang='lat' dir='ltr'>Cyclopis</span> <span class='ocrx_word' id='word_1_14' title='bbox 1124 429 1244 512; x_wconf 90' lang='lat' dir='ltr'>asperi·</span> 
     </span>
     <span class='ocr_line' id='line_1_3' title="bbox 95 531 206 590; baseline -0.009 0"><span class='ocrx_word' id='word_1_15' title='bbox 95 531 206 590; x_wconf 82' lang='lat' dir='ltr'>tatem.</span> 
     </span>
    </p>

    <p class='ocr_par' dir='ltr' id='par_1_3' title="bbox 14 626 1246 1425">
     <span class='ocr_line' id='line_1_4' title="bbox 182 626 1244 713; baseline 0.005 -22"><span class='ocrx_word' id='word_1_16' title='bbox 182 627 273 694; x_wconf 90' lang='lat' dir='ltr'>Haec</span> <span class='ocrx_word' id='word_1_17' title='bbox 289 634 453 712; x_wconf 89' lang='lat' dir='ltr'>comperta</span> <span class='ocrx_word' id='word_1_18' title='bbox 467 626 621 694; x_wconf 88' lang='lat' dir='ltr'>habemus</span> <span class='ocrx_word' id='word_1_19' title='bbox 638 627 679 693; x_wconf 91' lang='lat' dir='ltr'>de</span> <span class='ocrx_word' id='word_1_20' title='bbox 694 626 826 694; x_wconf 79' lang='lat' dir='ltr'>Graecis</span> <span class='ocrx_word' id='word_1_21' title='bbox 846 629 941 695; x_wconf 90' lang='lat' dir='ltr'>huius</span> <span class='ocrx_word' id='word_1_22' title='bbox 962 631 1142 713; x_wconf 87' lang='lat' dir='ltr'>argumenti</span> <span class='ocrx_word' id='word_1_23' title='bbox 1164 637 1244 696; x_wconf 91' lang='lat' dir='ltr'>trac-</span> 
     </span>
     <span class='ocr_line' id='line_1_5' title="bbox 94 729 1243 815; baseline 0.002 -21"><span class='ocrx_word' id='word_1_24' title='bbox 94 730 283 814; x_wconf 89' lang='lat' dir='ltr'>tationibus,</span> <span class='ocrx_word' id='word_1_25' title='bbox 307 731 417 813; x_wconf 89' lang='lat' dir='ltr'>quales</span> <span class='ocrx_word' id='word_1_26' title='bbox 437 729 567 814; x_wconf 91' lang='lat' dir='ltr'>quidem</span> <span class='ocrx_word' id='word_1_27' title='bbox 590 731 740 813; x_wconf 90' lang='lat' dir='ltr'>propriae</span> <span class='ocrx_word' id='word_1_28' title='bbox 763 730 881 797; x_wconf 91' lang='lat' dir='ltr'>indolis</span> <span class='ocrx_word' id='word_1_29' title='bbox 903 738 1019 815; x_wconf 90' lang='lat' dir='ltr'>poetae</span> <span class='ocrx_word' id='word_1_30' title='bbox 1041 733 1243 798; x_wconf 83' lang='lat' dir='ltr'>instituerint.</span> 
     </span>
     <span class='ocr_line' id='line_1_6' title="bbox 14 830 1244 926; baseline 0.002 -30"><span class='ocrx_word' id='word_1_31' title='bbox 14 919 15 926; x_wconf 6' lang='grc' dir='ltr'>ἵ</span> <span class='ocrx_word' id='word_1_32' title='bbox 94 833 144 898; x_wconf 84' lang='lat' dir='ltr'>Ao</span> <span class='ocrx_word' id='word_1_33' title='bbox 166 837 282 917; x_wconf 90' lang='lat' dir='ltr'>postea</span> <span class='ocrx_word' id='word_1_34' title='bbox 304 833 432 916; x_wconf 92' lang='lat' dir='ltr'>quidem</span> <span class='ocrx_word' id='word_1_35' title='bbox 455 830 538 896; x_wconf 91' lang='lat' dir='ltr'>hanc</span> <span class='ocrx_word' id='word_1_36' title='bbox 559 830 712 896; x_wconf 88' lang='lat' dir='ltr'>fabellam</span> <span class='ocrx_word' id='word_1_37' title='bbox 733 833 904 915; x_wconf 87' lang='lat' dir='ltr'>peculiaris</span> <span class='ocrx_word' id='word_1_38' title='bbox 922 835 1071 899; x_wconf 77' lang='lat' dir='ltr'>carminis</span> <span class='ocrx_word' id='word_1_39' title='bbox 1094 834 1244 919; x_wconf 87' lang='lat' dir='ltr'>suppedi-</span> 
     </span>
     <span class='ocr_line' id='line_1_7' title="bbox 14 932 1246 1019; baseline -0.002 -19"><span class='ocrx_word' id='word_1_40' title='bbox 14 937 15 1008; x_wconf 77' lang='lat'><em>}</em></span> <span class='ocrx_word' id='word_1_41' title='bbox 94 943 183 1000; x_wconf 86' lang='lat' dir='ltr'>tasse</span> <span class='ocrx_word' id='word_1_42' title='bbox 212 937 379 1016; x_wconf 77' lang='lat' dir='ltr'>materiam</span> <span class='ocrx_word' id='word_1_43' title='bbox 406 940 522 1019; x_wconf 88' lang='lat' dir='ltr'>poetae</span> <span class='ocrx_word' id='word_1_44' title='bbox 544 932 668 998; x_wconf 81' lang='lat' dir='ltr'>Graeco</span> <span class='ocrx_word' id='word_1_45' title='bbox 690 933 847 1000; x_wconf 90' lang='lat' dir='ltr'>Latinoue</span> <span class='ocrx_word' id='word_1_46' title='bbox 875 956 939 1000; x_wconf 92' lang='lat' dir='ltr'>non</span> <span class='ocrx_word' id='word_1_47' title='bbox 967 935 1111 1001; x_wconf 87' lang='lat' dir='ltr'>traditur.</span> <span class='ocrx_word' id='word_1_48' title='bbox 1157 935 1246 1000; x_wconf 91' lang='lat' dir='ltr'>Abiit</span> 
     </span>
     <span class='ocr_line' id='line_1_8' title="bbox 94 1035 1244 1122; baseline -0.001 -21"><span class='ocrx_word' id='word_1_49' title='bbox 94 1043 205 1102; x_wconf 86' lang='lat' dir='ltr'>autem</span> <span class='ocrx_word' id='word_1_50' title='bbox 220 1039 253 1101; x_wconf 94' lang='lat' dir='ltr'>in</span> <span class='ocrx_word' id='word_1_51' title='bbox 270 1044 361 1102; x_wconf 91' lang='lat' dir='ltr'>uasta</span> <span class='ocrx_word' id='word_1_52' title='bbox 376 1042 526 1122; x_wconf 85' lang='lat' dir='ltr'>poemata</span> <span class='ocrx_word' id='word_1_53' title='bbox 543 1037 698 1102; x_wconf 88' lang='lat' dir='ltr'>materiae</span> <span class='ocrx_word' id='word_1_54' title='bbox 720 1035 957 1121; x_wconf 88' lang='lat' dir='ltr'>mythologicae</span> <span class='ocrx_word' id='word_1_55' title='bbox 979 1038 1124 1103; x_wconf 85' lang='lat' dir='ltr'>ubertate</span> <span class='ocrx_word' id='word_1_56' title='bbox 1146 1039 1244 1102; x_wconf 90' lang='lat' dir='ltr'>abun·</span> 
     </span>
     <span class='ocr_line' id='line_1_9' title="bbox 94 1139 1244 1223; baseline 0 -19"><span class='ocrx_word' id='word_1_57' title='bbox 94 1140 218 1222; x_wconf 73' lang='lat' dir='ltr'>dantia</span> <span class='ocrx_word' id='word_1_58' title='bbox 243 1158 377 1222; x_wconf 89' lang='lat' dir='ltr'>quorum</span> <span class='ocrx_word' id='word_1_59' title='bbox 398 1139 431 1202; x_wconf 90' lang='lat' dir='ltr'>in</span> <span class='ocrx_word' id='word_1_60' title='bbox 453 1145 608 1222; x_wconf 89' lang='lat' dir='ltr'>apparatu</span> <span class='ocrx_word' id='word_1_61' title='bbox 630 1143 765 1223; x_wconf 82' lang='lat' dir='ltr'>accepto</span> <span class='ocrx_word' id='word_1_62' title='bbox 789 1146 838 1204; x_wconf 92' lang='lat' dir='ltr'>est</span> <span class='ocrx_word' id='word_1_63' title='bbox 858 1141 938 1205; x_wconf 91' lang='lat' dir='ltr'>usui.</span> <span class='ocrx_word' id='word_1_64' title='bbox 976 1140 1152 1222; x_wconf 88' lang='lat' dir='ltr'>Loquimur</span> <span class='ocrx_word' id='word_1_65' title='bbox 1168 1160 1244 1205; x_wconf 88' lang='lat' dir='ltr'>uero</span> 
     </span>
     <span class='ocr_line' id='line_1_10' title="bbox 95 1240 1244 1325; baseline 0.001 -18.934"><span class='ocrx_word' id='word_1_66' title='bbox 95 1242 139 1306; x_wconf 91' lang='lat' dir='ltr'>de</span> <span class='ocrx_word' id='word_1_67' title='bbox 163 1241 348 1307; x_wconf 85' lang='lat' dir='ltr'>sublimiore</span> <span class='ocrx_word' id='word_1_68' title='bbox 371 1246 403 1304; x_wconf 90' lang='lat' dir='ltr'>et</span> <span class='ocrx_word' id='word_1_69' title='bbox 425 1240 591 1305; x_wconf 86' lang='lat' dir='ltr'>subtiliore</span> <span class='ocrx_word' id='word_1_70' title='bbox 613 1242 720 1323; x_wconf 85' lang='lat' dir='ltr'>poesis</span> <span class='ocrx_word' id='word_1_71' title='bbox 743 1261 877 1325; x_wconf 85' lang='lat' dir='ltr'>genere,</span> <span class='ocrx_word' id='word_1_72' title='bbox 901 1240 1051 1308; x_wconf 89' lang='lat' dir='ltr'>humilius</span> <span class='ocrx_word' id='word_1_73' title='bbox 1075 1242 1157 1309; x_wconf 91' lang='lat' dir='ltr'>hanc</span> <span class='ocrx_word' id='word_1_74' title='bbox 1179 1263 1244 1307; x_wconf 92' lang='lat' dir='ltr'>ma-</span> 
     </span>
     <span class='ocr_line' id='line_1_11' title="bbox 93 1343 1245 1425; baseline 0.001 -16"><span class='ocrx_word' id='word_1_75' title='bbox 93 1345 212 1409; x_wconf 88' lang='lat' dir='ltr'>teriam</span> <span class='ocrx_word' id='word_1_76' title='bbox 235 1344 366 1408; x_wconf 91' lang='lat' dir='ltr'>minime</span> <span class='ocrx_word' id='word_1_77' title='bbox 388 1343 548 1425; x_wconf 89' lang='lat' dir='ltr'>spreuisse</span> <span class='ocrx_word' id='word_1_78' title='bbox 577 1363 651 1407; x_wconf 86' lang='lat' dir='ltr'>mox</span> <span class='ocrx_word' id='word_1_79' title='bbox 680 1343 871 1410; x_wconf 89' lang='lat' dir='ltr'>ostendetur.</span> <span class='ocrx_word' id='word_1_80' title='bbox 917 1345 966 1408; x_wconf 83' lang='lat' dir='ltr'>Ea</span> <span class='ocrx_word' id='word_1_81' title='bbox 995 1351 1100 1410; x_wconf 90' lang='lat' dir='ltr'>tamen</span> <span class='ocrx_word' id='word_1_82' title='bbox 1129 1347 1245 1410; x_wconf 91' lang='lat' dir='ltr'>uirtute</span> 
     </span>
    </p>
   </div>
   <div class='ocr_carea' id='block_1_3' title="bbox 14 1444 1247 2024">
    <p class='ocr_par' dir='ltr' id='par_1_4' title="bbox 14 1444 1247 2024">
     <span class='ocr_line' id='line_1_12' title="bbox 93 1444 1245 1530; baseline 0.002 -20"><span class='ocrx_word' id='word_1_83' title='bbox 93 1446 298 1530; x_wconf 89' lang='lat' dir='ltr'>praecellunt</span> <span class='ocrx_word' id='word_1_84' title='bbox 319 1451 408 1510; x_wconf 90' lang='lat' dir='ltr'>aetas</span> <span class='ocrx_word' id='word_1_85' title='bbox 430 1445 573 1510; x_wconf 89' lang='lat' dir='ltr'>Romana</span> <span class='ocrx_word' id='word_1_86' title='bbox 598 1445 818 1528; x_wconf 85' lang='lat' dir='ltr'>posteriorque</span> <span class='ocrx_word' id='word_1_87' title='bbox 841 1444 968 1510; x_wconf 79' lang='lat' dir='ltr'>Graeca</span> <span class='ocrx_word' id='word_1_88' title='bbox 989 1448 1022 1510; x_wconf 92' lang='lat' dir='ltr'>in</span> <span class='ocrx_word' id='word_1_89' title='bbox 1045 1445 1106 1512; x_wconf 91' lang='lat' dir='ltr'>hoc</span> <span class='ocrx_word' id='word_1_90' title='bbox 1134 1446 1245 1530; x_wconf 86' lang='lat' dir='ltr'>mytho</span> 
     </span>
     <span class='ocr_line' id='line_1_13' title="bbox 93 1544 1245 1634; baseline 0 -21"><span class='ocrx_word' id='word_1_91' title='bbox 93 1547 319 1634; x_wconf 88' lang='lat' dir='ltr'>propagando,</span> <span class='ocrx_word' id='word_1_92' title='bbox 342 1545 429 1628; x_wconf 90' lang='lat' dir='ltr'>quod</span> <span class='ocrx_word' id='word_1_93' title='bbox 444 1544 598 1612; x_wconf 85' lang='lat' dir='ltr'>exhibent</span> <span class='ocrx_word' id='word_1_94' title='bbox 613 1547 743 1629; x_wconf 88' lang='lat' dir='ltr'>egregia</span> <span class='ocrx_word' id='word_1_95' title='bbox 765 1547 947 1611; x_wconf 88' lang='lat' dir='ltr'>testimonia</span> <span class='ocrx_word' id='word_1_96' title='bbox 970 1553 1002 1610; x_wconf 89' lang='lat' dir='ltr'>et</span> <span class='ocrx_word' id='word_1_97' title='bbox 1023 1548 1153 1630; x_wconf 91' lang='lat' dir='ltr'>indicia,</span> <span class='ocrx_word' id='word_1_98' title='bbox 1177 1551 1245 1631; x_wconf 92' lang='lat' dir='ltr'>qni-</span> 
     </span>
     <span class='ocr_line' id='line_1_14' title="bbox 93 1640 1247 1732; baseline -0.001 -16"><span class='ocrx_word' id='word_1_99' title='bbox 93 1652 157 1716; x_wconf 91' lang='lat' dir='ltr'>bus</span> <span class='ocrx_word' id='word_1_100' title='bbox 181 1650 356 1714; x_wconf 89' lang='lat' dir='ltr'>illustratur</span> <span class='ocrx_word' id='word_1_101' title='bbox 382 1655 507 1732; x_wconf 90' lang='lat' dir='ltr'>tempus</span> <span class='ocrx_word' id='word_1_102' title='bbox 535 1640 774 1732; x_wconf 84' lang='lat' dir='ltr'>praegressum,</span> <span class='ocrx_word' id='word_1_103' title='bbox 803 1648 891 1730; x_wconf 92' lang='lat' dir='ltr'>quod</span> <span class='ocrx_word' id='word_1_104' title='bbox 919 1649 1043 1730; x_wconf 87' lang='lat' dir='ltr'>largam</span> <span class='ocrx_word' id='word_1_105' title='bbox 1071 1656 1247 1715; x_wconf 88' lang='lat' dir='ltr'>monstrant</span> 
     </span>
     <span class='ocr_line' id='line_1_15' title="bbox 94 1751 1246 1835; baseline -0.001 -17"><span class='ocrx_word' id='word_1_106' title='bbox 94 1754 308 1834; x_wconf 87' lang='lat' dir='ltr'>uestigiorum</span> <span class='ocrx_word' id='word_1_107' title='bbox 330 1751 456 1834; x_wconf 90' lang='lat' dir='ltr'>copiam</span> <span class='ocrx_word' id='word_1_108' title='bbox 478 1756 674 1816; x_wconf 88' lang='lat' dir='ltr'>retrouersus</span> <span class='ocrx_word' id='word_1_109' title='bbox 703 1757 898 1834; x_wconf 81' lang='lat' dir='ltr'>porrectam,</span> <span class='ocrx_word' id='word_1_110' title='bbox 928 1771 992 1834; x_wconf 90' lang='lat' dir='ltr'>qua</span> <span class='ocrx_word' id='word_1_111' title='bbox 1019 1752 1121 1818; x_wconf 90' lang='lat' dir='ltr'>adiuti</span> <span class='ocrx_word' id='word_1_112' title='bbox 1150 1772 1246 1835; x_wconf 91' lang='lat' dir='ltr'>quam</span> 
     </span>
     <span class='ocr_line' id='line_1_16' title="bbox 14 1851 1247 1940; baseline -0.001 -20"><span class='ocrx_word' id='word_1_113' title='bbox 14 1871 15 1940; x_wconf 62' lang='grc'>1</span> <span class='ocrx_word' id='word_1_114' title='bbox 94 1855 233 1920; x_wconf 86' lang='lat' dir='ltr'>fecimus</span> <span class='ocrx_word' id='word_1_115' title='bbox 262 1855 415 1918; x_wconf 89' lang='lat' dir='ltr'>iacturam</span> <span class='ocrx_word' id='word_1_116' title='bbox 447 1851 556 1934; x_wconf 88' lang='lat' dir='ltr'>aliquo</span> <span class='ocrx_word' id='word_1_117' title='bbox 589 1852 685 1917; x_wconf 93' lang='lat' dir='ltr'>modo</span> <span class='ocrx_word' id='word_1_118' title='bbox 719 1873 924 1936; x_wconf 88' lang='lat' dir='ltr'>compensare</span> <span class='ocrx_word' id='word_1_119' title='bbox 954 1861 987 1921; x_wconf 90' lang='lat' dir='ltr'>et</span> <span class='ocrx_word' id='word_1_120' title='bbox 1014 1875 1184 1939; x_wconf 88' lang='lat' dir='ltr'>possumus</span> <span class='ocrx_word' id='word_1_121' title='bbox 1215 1861 1247 1920; x_wconf 90' lang='lat' dir='ltr'>et</span> 
     </span>
     <span class='ocr_line' id='line_1_17' title="bbox 14 1958 296 2024; baseline -0.021 0"><span class='ocrx_word' id='word_1_122' title='bbox 14 1979 15 2024; x_wconf 62' lang='lat'><em>2</em></span> <span class='ocrx_word' id='word_1_123' title='bbox 96 1958 296 2024; x_wconf 78' lang='lat' dir='ltr'>conabimur.</span> 
     </span>
    </p>
   </div>
   <div class='ocr_carea' id='block_1_4' title="bbox 575 2077 775 2084">
    <p class='ocr_par' dir='ltr' id='par_1_5' title="bbox 575 2077 775 2084">
     <span class='ocr_line' id='line_1_18' title="bbox 575 2077 775 2084; baseline 0.01 -2"><span class='ocrx_word' id='word_1_124' title='bbox 575 2077 775 2084; x_wconf 80' lang='lat'>-————-</span> 
     </span>
    </p>
   </div>
   <div class='ocr_carea' id='block_1_5' title="bbox 535 2260 798 2338">
    <p class='ocr_par' dir='ltr' id='par_1_6' title="bbox 535 2260 798 2338">
     <span class='ocr_line' id='line_1_19' title="bbox 535 2260 798 2338; baseline 0 -3"><span class='ocrx_word' id='word_1_125' title='bbox 535 2260 665 2336; x_wconf 77' lang='lat' dir='ltr'>&#39;Garun</span> <span class='ocrx_word' id='word_1_126' title='bbox 691 2263 798 2338; x_wconf 90' lang='lat' dir='ltr'>VIII.</span> 
     </span>
    </p>
   </div>
   <div class='ocr_carea' id='block_1_6' title="bbox 413 2411 932 2491">
    <p class='ocr_par' dir='ltr' id='par_1_7' title="bbox 413 2411 932 2491">
     <span class='ocr_line' id='line_1_20' title="bbox 413 2411 932 2491; baseline 0.002 -4"><span class='ocrx_word' id='word_1_127' title='bbox 413 2411 473 2488; x_wconf 80' lang='lat' dir='ltr'>De</span> <span class='ocrx_word' id='word_1_128' title='bbox 498 2417 710 2490; x_wconf 74' lang='lat' dir='ltr'>narratione</span> <span class='ocrx_word' id='word_1_129' title='bbox 741 2412 932 2491; x_wconf 75' lang='lat' dir='ltr'>Our&#39;dt&#39;crna.</span> 
     </span>
    </p>
   </div>
   <div class='ocr_carea' id='block_1_7' title="bbox 9 2568 1247 3472">
    <p class='ocr_par' dir='ltr' id='par_1_8' title="bbox 12 2568 1245 2658">
     <span class='ocr_line' id='line_1_21' title="bbox 12 2568 1245 2658; baseline 0.004 -27"><span class='ocrx_word' id='word_1_130' title='bbox 12 2655 13 2658; x_wconf 8' lang='grc' dir='ltr'><strong>Ἴ</strong></span> <span class='ocrx_word' id='word_1_131' title='bbox 185 2568 352 2647; x_wconf 80' lang='lat' dir='ltr'>Quomodo</span> <span class='ocrx_word' id='word_1_132' title='bbox 366 2569 539 2634; x_wconf 89' lang='lat' dir='ltr'>innotuerit</span> <span class='ocrx_word' id='word_1_133' title='bbox 553 2569 703 2636; x_wconf 89' lang='lat' dir='ltr'>Romanis</span> <span class='ocrx_word' id='word_1_134' title='bbox 718 2572 838 2654; x_wconf 85' lang='lat' dir='ltr'>fabula,</span> <span class='ocrx_word' id='word_1_135' title='bbox 860 2591 944 2636; x_wconf 88' lang='lat' dir='ltr'>nnnc</span> <span class='ocrx_word' id='word_1_136' title='bbox 959 2589 1023 2634; x_wconf 91' lang='lat' dir='ltr'>non</span> <span class='ocrx_word' id='word_1_137' title='bbox 1045 2571 1245 2654; x_wconf 82' lang='lat' dir='ltr'>quaerimus3</span> 
     </span>
    </p>

    <p class='ocr_par' dir='ltr' id='par_1_9' title="bbox 9 2671 1247 3472">
     <span class='ocr_line' id='line_1_22' title="bbox 98 2671 1247 2759; baseline 0 -22"><span class='ocrx_word' id='word_1_138' title='bbox 98 2679 174 2737; x_wconf 88' lang='lat' dir='ltr'>ante</span> <span class='ocrx_word' id='word_1_139' title='bbox 196 2676 336 2736; x_wconf 88' lang='lat' dir='ltr'>aetatem</span> <span class='ocrx_word' id='word_1_140' title='bbox 357 2671 555 2754; x_wconf 88' lang='lat' dir='ltr'>Augusteam</span> <span class='ocrx_word' id='word_1_141' title='bbox 576 2673 665 2737; x_wconf 87' lang='lat' dir='ltr'>nulla</span> <span class='ocrx_word' id='word_1_142' title='bbox 687 2675 755 2740; x_wconf 92' lang='lat' dir='ltr'>eius</span> <span class='ocrx_word' id='word_1_143' title='bbox 786 2675 944 2759; x_wconf 89' lang='lat' dir='ltr'>reperitur</span> <span class='ocrx_word' id='word_1_144' title='bbox 971 2674 1142 2755; x_wconf 90' lang='lat' dir='ltr'>memoria,</span> <span class='ocrx_word' id='word_1_145' title='bbox 1171 2673 1247 2737; x_wconf 91' lang='lat' dir='ltr'>inde</span> 
     </span>
     <span class='ocr_line' id='line_1_23' title="bbox 99 2773 1246 2860; baseline -0.003 -19"><span class='ocrx_word' id='word_1_146' title='bbox 99 2776 139 2841; x_wconf 91' lang='lat' dir='ltr'>ab</span> <span class='ocrx_word' id='word_1_147' title='bbox 163 2773 226 2839; x_wconf 91' lang='lat' dir='ltr'>hac</span> <span class='ocrx_word' id='word_1_148' title='bbox 247 2773 281 2837; x_wconf 93' lang='lat' dir='ltr'>in</span> <span class='ocrx_word' id='word_1_149' title='bbox 302 2774 519 2840; x_wconf 90' lang='lat' dir='ltr'>celeberrimis</span> <span class='ocrx_word' id='word_1_150' title='bbox 540 2782 685 2841; x_wconf 89' lang='lat' dir='ltr'>uersatur</span> <span class='ocrx_word' id='word_1_151' title='bbox 713 2777 844 2842; x_wconf 88' lang='lat' dir='ltr'>laudata</span> <span class='ocrx_word' id='word_1_152' title='bbox 872 2799 893 2842; x_wconf 90' lang='lat' dir='ltr'>a</span> <span class='ocrx_word' id='word_1_153' title='bbox 914 2777 1072 2860; x_wconf 87' lang='lat' dir='ltr'>Vergilio,</span> <span class='ocrx_word' id='word_1_154' title='bbox 1102 2775 1246 2856; x_wconf 91' lang='lat' dir='ltr'>Horatio,</span> 
     </span>
     <span class='ocr_line' id='line_1_24' title="bbox 12 2874 1246 2962; baseline -0.001 -21"><span class='ocrx_word' id='word_1_155' title='bbox 12 2875 13 2880; x_wconf 72' lang='grc'>’</span> <span class='ocrx_word' id='word_1_156' title='bbox 99 2876 285 2960; x_wconf 85' lang='lat' dir='ltr'>Propertio,</span> <span class='ocrx_word' id='word_1_157' title='bbox 309 2874 435 2942; x_wconf 91' lang='lat' dir='ltr'>Ouidio.</span> <span class='ocrx_word' id='word_1_158' title='bbox 480 2877 586 2959; x_wconf 86' lang='lat' dir='ltr'>Atque</span> <span class='ocrx_word' id='word_1_159' title='bbox 608 2899 692 2945; x_wconf 91' lang='lat' dir='ltr'>nunc</span> <span class='ocrx_word' id='word_1_160' title='bbox 714 2880 845 2962; x_wconf 89' lang='lat' dir='ltr'>quidem</span> <span class='ocrx_word' id='word_1_161' title='bbox 867 2899 1010 2944; x_wconf 91' lang='lat' dir='ltr'>seorsum</span> <span class='ocrx_word' id='word_1_162' title='bbox 1040 2877 1246 2943; x_wconf 89' lang='lat' dir='ltr'>tractabimus</span> 
     </span>
     <span class='ocr_line' id='line_1_25' title="bbox 9 2976 1247 3068; baseline 0 -26"><span class='ocrx_word' id='word_1_163' title='bbox 9 3059 10 3068; x_wconf 8' lang='grc' dir='ltr'>ἵ</span> <span class='ocrx_word' id='word_1_164' title='bbox 99 2979 314 3060; x_wconf 84' lang='lat' dir='ltr'>narrationem</span> <span class='ocrx_word' id='word_1_165' title='bbox 330 2976 522 3044; x_wconf 78' lang='lat' dir='ltr'>Ouidianum</span> <span class='ocrx_word' id='word_1_166' title='bbox 544 2987 619 3046; x_wconf 89' lang='lat' dir='ltr'>met.</span> <span class='ocrx_word' id='word_1_167' title='bbox 636 2982 726 3065; x_wconf 88' lang='lat' dir='ltr'>XIII,</span> <span class='ocrx_word' id='word_1_168' title='bbox 744 2981 921 3063; x_wconf 74' lang='lat' dir='ltr'>tro-897,</span> <span class='ocrx_word' id='word_1_169' title='bbox 945 3000 1016 3044; x_wconf 91' lang='lat' dir='ltr'>cum</span> <span class='ocrx_word' id='word_1_170' title='bbox 1040 2998 1079 3043; x_wconf 92' lang='lat' dir='ltr'>ea</span> <span class='ocrx_word' id='word_1_171' title='bbox 1100 2979 1247 3062; x_wconf 85' lang='lat' dir='ltr'>proxime</span> 
     </span>
     <span class='ocr_line' id='line_1_26' title="bbox 100 3079 1245 3165; baseline -0.001 -19"><span class='ocrx_word' id='word_1_172' title='bbox 100 3080 235 3148; x_wconf 83' lang='lat' dir='ltr'>accedat</span> <span class='ocrx_word' id='word_1_173' title='bbox 249 3079 292 3144; x_wconf 91' lang='lat' dir='ltr'>ad</span> <span class='ocrx_word' id='word_1_174' title='bbox 306 3079 477 3163; x_wconf 90' lang='lat' dir='ltr'>peculiaris</span> <span class='ocrx_word' id='word_1_175' title='bbox 492 3084 646 3165; x_wconf 87' lang='lat' dir='ltr'>poematii</span> <span class='ocrx_word' id='word_1_176' title='bbox 668 3081 809 3148; x_wconf 90' lang='lat' dir='ltr'>indolem</span> <span class='ocrx_word' id='word_1_177' title='bbox 831 3089 864 3147; x_wconf 92' lang='lat' dir='ltr'>et</span> <span class='ocrx_word' id='word_1_178' title='bbox 885 3084 985 3147; x_wconf 89' lang='lat' dir='ltr'>ubera</span> <span class='ocrx_word' id='word_1_179' title='bbox 1006 3081 1107 3162; x_wconf 92' lang='lat' dir='ltr'>ipsius</span> <span class='ocrx_word' id='word_1_180' title='bbox 1130 3087 1245 3165; x_wconf 88' lang='lat' dir='ltr'>poetae</span> 
     </span>
     <span class='ocr_line' id='line_1_27' title="bbox 101 3180 1245 3268; baseline 0.001 -22"><span class='ocrx_word' id='word_1_181' title='bbox 101 3183 221 3267; x_wconf 92' lang='lat' dir='ltr'>ingenii</span> <span class='ocrx_word' id='word_1_182' title='bbox 237 3180 428 3248; x_wconf 90' lang='lat' dir='ltr'>documenta</span> <span class='ocrx_word' id='word_1_183' title='bbox 448 3203 526 3267; x_wconf 87' lang='lat' dir='ltr'>prae</span> <span class='ocrx_word' id='word_1_184' title='bbox 550 3205 585 3250; x_wconf 92' lang='lat' dir='ltr'>se</span> <span class='ocrx_word' id='word_1_185' title='bbox 606 3185 697 3251; x_wconf 87' lang='lat' dir='ltr'>ferat.</span> <span class='ocrx_word' id='word_1_186' title='bbox 735 3184 1059 3268; x_wconf 84' lang='lat' dir='ltr'>Repraesentabimus</span> <span class='ocrx_word' id='word_1_187' title='bbox 1082 3202 1160 3248; x_wconf 88' lang='lat' dir='ltr'>uero</span> <span class='ocrx_word' id='word_1_188' title='bbox 1182 3185 1245 3268; x_wconf 89' lang='lat' dir='ltr'>pri-</span> 
     </span>
     <span class='ocr_line' id='line_1_28' title="bbox 101 3284 1247 3370; baseline -0.001 -20"><span class='ocrx_word' id='word_1_189' title='bbox 101 3307 185 3350; x_wconf 88' lang='lat' dir='ltr'>mum</span> <span class='ocrx_word' id='word_1_190' title='bbox 201 3284 425 3367; x_wconf 90' lang='lat' dir='ltr'>descriptionis</span> <span class='ocrx_word' id='word_1_191' title='bbox 440 3291 539 3351; x_wconf 92' lang='lat' dir='ltr'>totam</span> <span class='ocrx_word' id='word_1_192' title='bbox 555 3287 727 3370; x_wconf 84' lang='lat' dir='ltr'>imaginem</span> <span class='ocrx_word' id='word_1_193' title='bbox 749 3286 955 3352; x_wconf 87' lang='lat' dir='ltr'>obseruantes</span> <span class='ocrx_word' id='word_1_194' title='bbox 976 3292 1110 3369; x_wconf 87' lang='lat' dir='ltr'>typum</span> <span class='ocrx_word' id='word_1_195' title='bbox 1125 3285 1247 3368; x_wconf 83' lang='lat' dir='ltr'>Poly-</span> 
     </span>
     <span class='ocr_line' id='line_1_29' title="bbox 101 3384 1246 3472; baseline -0.002 -18"><span class='ocrx_word' id='word_1_196' title='bbox 101 3388 248 3471; x_wconf 91' lang='lat' dir='ltr'>phemi,</span> <span class='ocrx_word' id='word_1_197' title='bbox 272 3384 448 3452; x_wconf 91' lang='lat' dir='ltr'>indolem</span> <span class='ocrx_word' id='word_1_198' title='bbox 466 3388 711 3471; x_wconf 87' lang='lat' dir='ltr'>cantilenae,</span> <span class='ocrx_word' id='word_1_199' title='bbox 734 3395 870 3472; x_wconf 91' lang='lat' dir='ltr'>typum</span> <span class='ocrx_word' id='word_1_200' title='bbox 886 3387 1086 3460; x_wconf 81' lang='lat' dir='ltr'>Galateae,</span> <span class='ocrx_word' id='word_1_201' title='bbox 1109 3392 1144 3452; x_wconf 93' lang='grc'>11</span> <span class='ocrx_word' id='word_1_202' title='bbox 1158 3386 1246 3471; x_wconf 90' lang='lat' dir='ltr'>apud</span> 
     </span>
    </p>
   </div>
   <div class='ocr_carea' id='block_1_8' title="bbox 8 3488 1246 3572">
    <p class='ocr_par' dir='ltr' id='par_1_10' title="bbox 8 3488 1246 3572">
     <span class='ocr_line' id='line_1_30' title="bbox 8 3488 1246 3572; baseline 0.002 -18"><span class='ocrx_word' id='word_1_203' title='bbox 8 3535 9 3568; x_wconf 55' lang='lat'><em>2</em></span> <span class='ocrx_word' id='word_1_204' title='bbox 102 3490 308 3556; x_wconf 81' lang='lat' dir='ltr'>Theocritum</span> <span class='ocrx_word' id='word_1_205' title='bbox 330 3489 477 3572; x_wconf 89' lang='lat' dir='ltr'>fecimus,</span> <span class='ocrx_word' id='word_1_206' title='bbox 506 3489 623 3556; x_wconf 92' lang='lat' dir='ltr'>deinde</span> <span class='ocrx_word' id='word_1_207' title='bbox 653 3489 702 3555; x_wconf 91' lang='lat' dir='ltr'>de</span> <span class='ocrx_word' id='word_1_208' title='bbox 725 3491 910 3555; x_wconf 89' lang='lat' dir='ltr'>fontibus</span> <span class='ocrx_word' id='word_1_209' title='bbox 933 3488 1074 3555; x_wconf 89' lang='lat' dir='ltr'>Ouidii</span> <span class='ocrx_word' id='word_1_210' title='bbox 1103 3490 1246 3556; x_wconf 91' lang='lat' dir='ltr'>institue-</span> 
     </span>
    </p>
   </div>
   <div class='ocr_carea' id='block_1_9' title="bbox 102 3592 1247 4084">
    <p class='ocr_par' dir='ltr' id='par_1_11' title="bbox 102 3592 1247 4084">
     <span class='ocr_line' id='line_1_31' title="bbox 102 3592 460 3673; baseline 0 -16"><span class='ocrx_word' id='word_1_211' title='bbox 102 3613 171 3658; x_wconf 89' lang='lat' dir='ltr'>mus</span> <span class='ocrx_word' id='word_1_212' title='bbox 194 3592 460 3673; x_wconf 88' lang='lat' dir='ltr'>disquisitionem.</span> 
     </span>
     <span class='ocr_line' id='line_1_32' title="bbox 186 3692 1247 3785; baseline 0 -27"><span class='ocrx_word' id='word_1_213' title='bbox 186 3692 405 3777; x_wconf 86' lang='lat' dir='ltr'>Polyphemus</span> <span class='ocrx_word' id='word_1_214' title='bbox 421 3693 531 3760; x_wconf 89' lang='lat' dir='ltr'>Ouidii</span> <span class='ocrx_word' id='word_1_215' title='bbox 553 3701 601 3762; x_wconf 91' lang='grc'>111</span> <span class='ocrx_word' id='word_1_216' title='bbox 623 3693 908 3780; x_wconf 82' lang='lat' dir='ltr'>anthropophagos</span> <span class='ocrx_word' id='word_1_217' title='bbox 926 3694 1116 3761; x_wconf 87' lang='lat' dir='ltr'>Homericus</span> <span class='ocrx_word' id='word_1_218' title='bbox 1138 3713 1247 3785; x_wconf 86' lang='lat' dir='ltr'>amore</span> 
     </span>
     <span class='ocr_line' id='line_1_33' title="bbox 105 3791 1002 3881; baseline 0.001 -19"><span class='ocrx_word' id='word_1_219' title='bbox 105 3803 275 3881; x_wconf 87' lang='lat' dir='ltr'>correptus.</span> <span class='ocrx_word' id='word_1_220' title='bbox 708 3791 846 3862; x_wconf 88' lang='lat' dir='ltr'>‘Inmitis</span> <span class='ocrx_word' id='word_1_221' title='bbox 869 3803 901 3862; x_wconf 94' lang='lat' dir='ltr'>et</span> <span class='ocrx_word' id='word_1_222' title='bbox 923 3798 1002 3881; x_wconf 90' lang='lat' dir='ltr'>ipsis</span> 
     </span>
     <span class='ocr_line' id='line_1_34' title="bbox 255 3897 1172 3990; baseline -0.001 -29"><span class='ocrx_word' id='word_1_223' title='bbox 255 3897 432 3964; x_wconf 89' lang='lat' dir='ltr'>horrendus</span> <span class='ocrx_word' id='word_1_224' title='bbox 455 3899 546 3964; x_wconf 91' lang='lat' dir='ltr'>siluis</span> <span class='ocrx_word' id='word_1_225' title='bbox 569 3907 601 3966; x_wconf 90' lang='grc'>11</span> <span class='ocrx_word' id='word_1_226' title='bbox 622 3903 710 3967; x_wconf 87' lang='grc'><strong>11111</strong></span> <span class='ocrx_word' id='word_1_227' title='bbox 732 3901 774 3966; x_wconf 92' lang='lat' dir='ltr'>ab</span> <span class='ocrx_word' id='word_1_228' title='bbox 797 3898 925 3982; x_wconf 89' lang='lat' dir='ltr'>hospite</span> <span class='ocrx_word' id='word_1_229' title='bbox 946 3897 1035 3963; x_wconf 91' lang='lat' dir='ltr'>nullo</span> <span class='ocrx_word' id='word_1_230' title='bbox 1167 3977 1172 3990; x_wconf 76' lang='lat'>.</span> 
     </span>
     <span class='ocr_line' id='line_1_35' title="bbox 255 3988 1106 4084; baseline -0.006 -19"><span class='ocrx_word' id='word_1_231' title='bbox 255 4001 372 4084; x_wconf 90' lang='lat' dir='ltr'>inpune</span> <span class='ocrx_word' id='word_1_232' title='bbox 396 4006 428 4065; x_wconf 90' lang='lat' dir='ltr'>et</span> <span class='ocrx_word' id='word_1_233' title='bbox 449 4003 558 4083; x_wconf 89' lang='lat' dir='ltr'>magni</span> <span class='ocrx_word' id='word_1_234' title='bbox 580 4022 651 4067; x_wconf 91' lang='lat' dir='ltr'>cum</span> <span class='ocrx_word' id='word_1_235' title='bbox 674 4002 724 4067; x_wconf 93' lang='lat' dir='ltr'>dis</span> <span class='ocrx_word' id='word_1_236' title='bbox 747 4007 945 4084; x_wconf 90' lang='lat' dir='ltr'>contemptor</span> <span class='ocrx_word' id='word_1_237' title='bbox 963 3988 1106 4080; x_wconf 85' lang='lat' dir='ltr'>Olympi&#39;</span> 
     </span>
    </p>
   </div>
   <div class='ocr_carea' id='block_1_10' title="bbox 0 0 1509 4674">
    <p class='ocr_par' dir='ltr' id='par_1_12' title="bbox 0 0 1509 4674">
     <span class='ocr_line' id='line_1_36' title="bbox 0 0 1509 4674; baseline 0 0"><span class='ocrx_word' id='word_1_238' title='bbox 0 0 1509 4674; x_wconf 95' lang='lat' dir='ltr'> </span> 
     </span>
    </p>
   </div>
  </div>
 </body>
</html>
