3028 4672
451 281 493 336 De
510 281 676 351 Polyphemo
695 288 722 338 et
739 282 863 340 Galatea.
1176 285 1238 346 195

83 452 138 517 καὶ
156 443 321 518 Ὀδυσσέα
344 449 420 517 τινὰ
444 443 547 546 αὐτοῦ
569 452 669 540 φίλον
692 445 913 536 ὀνομάζουσιν
937 454 969 519 οἱ
993 455 1132 541 χρηστοὶ
1160 459 1240 538 βοο-

82 551 192 632 κόλοι,
222 549 444 640 φαλακρόν
466 552 538 636 μὲν
569 548 813 642 άνθρωπον,
846 548 948 620 illd
978 551 1117 621 δεινὸν
1144 551 1240 639 δμι·

83 655 208 739 λῆσαι
241 651 463 740 πράγμασι
494 656 564 720 καὶ
596 656 726 742 πόρον
755 653 797 722 ἐν
826 643 1057 743 άμηχάνοις
1089 652 1239 739 εὑρεῖν.

83 749 200 838 δμίλει
220 755 372 840 γελῶσιν,
395 747 476 822 όταν
499 757 579 843 περὶ
603 748 704 822 αύτοδ
727 758 876 843 λέγωσιν,
898 752 1076 843 ἡγούμενοι
1098 762 1239 845 πέρυσιν

83 855 358 944 ἐκτετοφλῶσθαι
372 854 431 922 τὸν
446 854 627 938 Κύκλωπα,
650 859 704 925 καὶ
721 853 767 935 ιδς
783 857 909 925 εἵλκετο
931 857 991 941 μὲν
1007 854 1074 925 ύπδ
1091 862 1139 946 τῴ
1151 863 1238 947 κριῷ

82 957 123 1024 τὸ
152 957 372 1044 γερόντιον
397 965 428 1025 ot
447 980 477 1042 q.
498 979 522 1026 s.
553 965 586 1027 et
608 963 736 1045 qualem
765 962 824 1028 alii
853 962 1063 1046 epistularum
1090 968 1239 1031 auctores

82 1063 142 1129 ribi
159 1061 283 1146 fingunt
298 1060 491 1146 Cynicorum
506 1063 686 1147 prinoipem
702 1064 924 1129 existimantes
942 1064 981 1130 of.
996 1064 1114 1131 Oratet.
1128 1084 1178 1149 ep.
1188 1069 1239 1150 19,

81 1164 178 1247 Diog.
193 1167 221 1228 7.
239 1166 288 1228 34.
325 1164 394 1228 Iam
409 1162 493 1230 haee
506 1183 646 1247 persona
662 1165 759 1230 etiam
775 1164 869 1232 huius
885 1167 1043 1250 epistulae
1057 1168 1149 1234 Ulixi
1164 1168 1238 1234 sub·

82 1286 154 1333 esse
175 1265 270 1331 nobis
291 1264 435 1344 uidetur,
465 1285 659 1349 quamquam
686 1286 786 1333 senex
808 1268 919 1333 uulnus
940 1287 1005 1334 uon
1026 1270 1146 1352 apertis
1168 1289 1239 1335 ner·

81 1367 130 1432 bis
155 1365 324 1432 indicatur.
361 1367 437 1450 Ipse
458 1368 544 1432 enim
568 1387 602 1433 se
625 1369 769 1433 nominat
789 1365 893 1452 γόητα
916 1370 1092 1435 carminum
1115 1376 1147 1436 et
1168 1371 1238 1438 ille-

81 1469 250 1535 cebrarum
270 1469 498 1533 amatoriarum
520 1470 659 1553 peritum
673 1474 705 1534 et
721 1468 941 1552 Polyphemus
957 1489 1030 1536 eum
1047 1471 1238 1554 anquitur:

82 1568 285 1656 δριμύτατον
301 1560 500 1654 ἀνθρώπιον
516 1571 569 1634 καὶ
587 1566 924 1654 δγκατατετριμμένον
938 1581 1011 1645 τοῖς
1032 1569 1237 1654 πράγμασιν.

80 1674 183 1739 Totus
205 1677 313 1736 autem
335 1676 426 1737 tenor
448 1672 601 1737 orationis
623 1671 732 1738 Ulixis
758 1669 955 1754 sophisticae
977 1673 1056 1738 artis
1079 1678 1129 1738 est
1149 1674 1237 1740 luen·

79 1775 294 1842 lentissimum
323 1771 564 1862 documentum
594 1793 669 1838 nam
691 1771 726 1837 id
748 1771 837 1854 quod
863 1773 1004 1838 maxime
1033 1773 1173 1856 adpetit,
1203 1780 1238 1840 ut

80 1877 223 1960 Uyelops
246 1880 331 1940 ostro
354 1893 467 1939 saxum
489 1879 655 1957 amoueat‚
684 1873 789 1939 obiter-
809 1878 933 1940 tantum
961 1876 1147 1959 praestigiis
1170 1877 1237 1944 suis

80 1985 110 2046 et
134 1975 339 2062 eaptionibus
361 1976 482 2058 inserit,
505 1976 643 2060 primum
666 1971 768 2057 μόνον
784 1968 960 2063 ὑπόστηθι
983 1972 1023 2040 οδ
1045 1973 1105 2063 τὴν
1126 1974 1238 2061 θύραν

81 2072 303 2162 ἀποκινῆσαι,
336 2075 463 2158 μᾶλλον
492 2073 529 2140 δὲ
560 2073 619 2140 τδν
648 2072 774 2161 θυρεὸν
803 2077 938 2142 τοῦτον·
973 2074 1048 2159 ἐμοὶ
1079 2076 1141 2160 μὲν
1173 2074 1237 2163 γὰρ

81 2173 289 2265 δκρωτήριον
312 2172 399 2243 εἶναι
421 2180 578 2265 φαίνεται
605 2176 699 2256 (haee
724 2179 838 2246 ultima
859 2180 959 2246 uerba
981 2178 1168 2249 homunculi
1189 2180 1237 2245 in·

79 2283 266 2349 firmitatem
288 2281 438 2348 uidentur
461 2281 658 2363 ostendere),
686 2279 804 2346 deinde
829 2282 996 2347 interiecto
1019 2286 1144 2346 tumore
1166 2299 1236 2346 uer·
1357 2359 1364 2378 ι

80 2386 213 2467 horum,
243 2384 358 2466 quibus
387 2382 555 2448 rhetoricis
578 2380 722 2447 artificiis
751 2378 1058 2467 (κατεργασάμενος.
1095 2384 1131 2445 τί
1153 2380 1236 2466 λέγω

80 2481 369 2570 κατεργασάμενος
376 2512 387 2566 ,·
409 2475 510 2568 αύτήν
534 2481 606 2557 eto.)
630 2487 663 2547 et
685 2488 813 2566 oompta
834 2484 1024 2567 gradatione
1046 2479 1160 2560 (καλὸν
1179 2465 1237 2548 orio

80 2623 121 2634 -
138 2584 189 2652 ἔτι
205 2583 242 2650 δὲ
256 2582 405 2666 κάλλιον)
425 2586 533 2651 lutura
547 2585 697 2668 uoluptas
713 2583 908 2670 depingitur,
931 2585 1025 2668 quasi
1039 2586 1129 2651 nulla
1144 2585 1236 2651 dubi·

80 2691 159 2756 tatio
177 2707 248 2756 esse
264 2689 381 2772 possit:
404 2677 490 2750 ἀλλὰ
511 2689 546 2750 τί
569 2683 752 2772 διατρίβεις
773 2687 829 2752 καὶ
852 2678 911 2751 οὐκ
933 2683 1089 2773 ἕγχειρεῑς
1111 2679 1173 2774 ἤδη
1196 2688 1238 2771 τῇ

80 2789 193 2876 θύρᾳ,
223 2787 327 2867 Quam
349 2789 479 2872 quidem
501 2809 671 2874 personam
694 2809 769 2855 num
791 2795 1041 2855 consentaneum
1063 2793 1112 2855 est
1126 2787 1236 2854 Philo·

80 2912 200 2960 xeuum
215 2892 321 2974 ipsum
336 2891 399 2957 sibi
414 2890 631 2974 imposuisse?
663 2891 749 2955 Num
769 2892 838 2958 eius
861 2911 880 2956 e
902 2909 937 2955 re
961 2895 1029 2955 erat
1051 2889 1236 2972 impostoris

81 3001 189 3078 partes
211 2993 314 3076 magis
337 2993 493 3058 sustinere
516 3010 611 3073 quarn
634 2992 696 3056 uiri
718 2990 844 3057 honesti
873 2992 946 3056 dira
972 2990 1165 3055 necessitate
1192 2989 1236 3055 ad

80 3096 191 3162 dolum
206 3094 379 3176 confugere
394 3093 521 3160 eoacti?
554 3093 668 3175 Neque
684 3099 833 3176 putamus
848 3092 977 3158 oalunm
996 3108 1106 3155 senem
1128 3090 1235 3174 ipsum

82 3217 115 3264 se
143 3196 352 3281 proposuisse
383 3197 468 3273 (narn
491 3194 532 3260 de
555 3193 692 3260 Phidiae
714 3192 923 3258 similitudine
946 3190 1090 3273 cogitare
1119 3191 1235 3276 noles),

82 3299 107 3364 si
135 3297 267 3380 quidem
294 3295 529 3380 pulcherrimae
558 3293 692 3361 Nereidi
720 3293 938 3362 commendari
971 3291 1080 3357 ueUet.
1130 3293 1234 3360 Immo

81 3401 186 3484 ipsum
214 3397 427 3463 hauddubie
455 3403 553 3481 poeta
575 3416 610 3462 se
632 3396 761 3462 induxit
790 3415 886 3479 quam
913 3394 1235 3480 praestantissimum,

82 3521 142 3583 quo
166 3520 226 3568 sna
246 3501 348 3565 uirtus
371 3505 403 3565 et
424 3499 563 3566 uiotoria
584 3503 682 3580 atque
698 3497 851 3581 (lyolopis
874 3496 1093 3582 discrepantia
1114 3497 1148 3563 in
1169 3493 1234 3564 ola·

81 3603 164 3669 riore
194 3602 267 3668 lnoe
299 3607 503 3685 ponerentur.
554 3598 691 3665 Aooedit
720 3600 806 3682 quod
836 3598 1058 3683 Polyphemus
1088 3601 1235 3682 quamuis

83 3704 191 3772 brutus
205 3725 270 3770 uon
286 3702 447 3786 deoipitnr
462 3702 573 3769 eallidi
596 3700 733 3787 hospitis
755 3703 933 3786 promissis,
956 3701 1096 3796 sed'alia
1110 3702 1235 3766 ratione

83 3804 263 3872 libertatem
277 3801 393 3871 Ulixes
415 3805 543 3871 uidetur
564 3823 773 3889 recuperasse
795 3805 847 3879 (of.
870 3797 888 3868 δ
907 3800 969 3885 μὲν
986 3797 1044 3867 ούν
1057 3793 1236 3874 Ὀδυσσεύς

85 3937 122 3951 ·-
144 3897 290 3990 ἠδικεῖτο
312 3902 375 3989 γάρ
398 3897 504 3979 όντως
524 3939 567 3950 -
590 3903 724 3986 ἐ’μελλεν
747 3898 812 3992 άρα
833 3905 892 3990 τῆς
921 3905 1127 3987 πανουργίας
1156 3892 1234 3984 όνή-

86 4011 229 4092 οεοθαι),
251 4008 287 4074 id
301 4007 388 4092 qnod
404 4007 513 4073 neseio
529 4023 570 4072 an
585 4027 693 4074 rursus
714 4005 887 4073 abhorreat
908 4026 929 4070 a
951 4005 1085 4070 oonsilio
1106 4009 1234 4086 poetae,

976 4103 1028 4156 13*
