3028 4672
41 269 48 284 .
138 293 142 300 ,
251 220 315 279 216
617 215 750 284 Georgius
767 213 902 268 Ricardus
920 211 1038 268 Hollaud

254 413 326 460 mos
347 411 406 480 pro
429 409 504 457 esca
526 389 681 456 offerente
703 388 736 452 in
759 386 1030 470 comparationem
1053 389 1168 451 uocato
1198 404 1294 452 uersu
1317 369 1420 450 Euri-¹
1500 422 1503 433 ·

255 495 354 580 pideo
376 492 466 577 (iycl.
481 494 557 555 160:

461 588 549 677 πρὸς
571 589 657 674 τῷδε
679 592 794 671 μέντοι
816 588 871 652 καλ
894 585 1042 669 νόμισμα
1065 575 1242 669 δώσομεν’

258 695 445 779 supplentes
473 713 537 758 non
566 712 637 757 eum
658 691 822 758 Meinelxio
850 685 962 772 λαβών
983 691 1037 755 uel
1060 686 1184 773 λαχών,
1214 687 1273 755 sed
1301 691 1412 773 potius
1500 763 1501 788 η

259 794 341 876 ἔχων
356 796 419 878 uel,
442 801 477 860 ut
492 795 635 858 trimeter
650 798 760 874 exeat,
783 792 938 876 φίραιν;
960 792 1146 858 conueniret
1166 796 1276 857 autem
1297 811 1412 858 sensus
1500 799 1501 854 l

258 898 402 964 abiectus
425 895 596 978 singularis
617 894 742 959 numeri
764 894 868 974 κέρμα
892 913 964 959 cum
985 894 1133 978 naufragi
1154 892 1333 960 ithacensis
1354 912 1412 976 pe-

259 1000 361 1064 nuria.
402 995 438 1061 Si
460 1015 537 1061 uero
559 995 671 1060 liceret
693 1013 818 1060 sumere
840 995 946 1062 Ulixis
967 996 1109 1062 fabulam
1130 1014 1288 1062 conexam
1310 993 1414 1059 fuisse

260 1100 294 1164 in
308 1097 371 1163 hoc
386 1096 530 1163 dramate
545 1116 616 1162 cum
630 1096 802 1178 amoribus,
826 1097 922 1161 etiam
945 1116 1041 1162 unum
1064 1103 1096 1162 et
1117 1097 1253 1162 alterum
1269 1114 1311 1161 ex
1326 1095 1413 1177 frag-

260 1199 376 1265 mentis
398 1199 539 1264 incertae
565 1197 652 1263 sedis
679 1217 744 1263 non
774 1197 842 1262 sine
870 1199 981 1280 aliqua
1007 1199 1152 1265 ueritatis
1180 1199 1290 1282 specie
1318 1217 1414 1263 suam

261 1301 431 1367 statiomm
459 1303 670 1382 recuperaret.
716 1296 917 1381 Quamquam
943 1335 983 1344 -
1007 1300 1040 1365 id
1063 1300 1149 1384 quod
1172 1300 1204 1365 in
1226 1301 1416 1366 uniuersum

262 1401 303 1468 de
319 1401 448 1468 incertis
463 1406 496 1466 et
510 1401 678 1483 anonymis
700 1400 843 1466 frustulis
866 1401 1058 1468 comicorum
1081 1404 1180 1482 semel
1203 1402 1324 1468 dixisse
1347 1402 1414 1466 suf-

262 1502 351 1569 ficiat
372 1535 413 1546 —-
436 1521 519 1585 quae
542 1502 703 1584 congessit
724 1503 1003 1584 grammaticorum
1026 1508 1058 1569 et
1079 1503 1233 1570 lectorum
1256 1503 1418 1570 sedulitas

262 1605 405 1670 maxima
434 1622 475 1668 ex
505 1609 596 1686 parte
629 1604 796 1686 generales
826 1610 899 1670 sunt
931 1605 1108 1670 sententiae
1140 1606 1337 1688 pertinentes
1369 1606 1414 1671 ad

263 1707 430 1790 epularum
451 1705 603 1787 lautitias,
626 1703 759 1769 bibendi
778 1704 962 1788 suauitates,
985 1706 1071 1771 uitae
1093 1713 1276 1791 praecepta,
1299 1708 1417 1772 mulie-

261 1828 332 1874 rum
347 1805 604 1886 matrimoniique
621 1804 750 1887 iudicia,
774 1805 901 1888 similia,
924 1825 1008 1888 quae
1025 1808 1144 1891 poteris
1166 1808 1334 1891 permultis
1355 1808 1416 1874 ad-

263 1909 391 1990 signare
407 1904 598 1986 comoediis;
620 1923 771 1987 perrarae
787 1912 860 1972 sunt
880 1907 1037 1989 reliquiae
1059 1915 1146 1975 certa
1169 1912 1247 1976 certi
1270 1929 1416 1976 conexus

263 2007 384 2073 indicia
405 2025 482 2090 prae
505 2025 541 2071 se
563 2005 710 2088 ferentes,
735 2026 775 2072 ex
798 2009 913 2091 quibus
935 2008 1058 2092 aliquid
1081 2011 1155 2076 sciri
1177 2013 1280 2095 possit
1302 2011 1343 2078 de
1366 2013 1416 2076 in·

263 2109 338 2176 dole
353 2109 491 2175 fabulae.
525 2107 639 2190 Itaque
654 2126 717 2172 non
732 2110 925 2194 spondemus
945 2111 1068 2177 nullum
1090 2112 1190 2178 alium
1213 2133 1285 2180 esse
1306 2115 1415 2181 locum

264 2210 513 2295 fragmentorum
534 2210 597 2275 nisi
619 2210 652 2274 in
675 2230 771 2293 quem
798 2233 857 2278 nos
885 2214 1052 2279 restituere
1075 2214 1181 2279 eonati
1210 2215 1325 2300 simus,
1356 2219 1415 2283 sed

263 2313 292 2378 si
307 2311 436 2377 aliunde
452 2311 624 2377 accesserit
637 2311 748 2394 aliqua
763 2313 949 2397 similitudo,
971 2335 1030 2381 nos
1049 2335 1069 2379 a
1086 2314 1314 2397 probabilitate
1336 2338 1416 2401 qua-

264 2411 340 2478 dam
354 2431 418 2476 non
436 2413 530 2479 nimis
552 2412 719 2480 aberrasse
742 2415 952 2497 opinabimur.
990 2415 1284 2486 Animaduertimus
1306 2427 1414 2486 autem

264 2513 400 2579 duarum
422 2515 649 2578 sententiarum
673 2536 745 2582 cum
768 2516 935 2600 Euripidei
958 2516 1110 2602 Cyclopis
1139 2519 1247 2586 uerbis
1275 2523 1415 2588 necessi·

264 2614 409 2680 tudinem
432 2611 545 2679 barum
566 2615 736 2680 irinati
757 2615 873 2681 Athen.
889 2618 922 2681 II
943 2639 975 2701 p.
989 2623 1071 2683 45a:

650 2713 855 2795 μεταλλάξαι
878 2715 1026 2804 διάφορα
1047 2717 1209 2804 βρώματα

440 2805 519 2879 ’ἐσθ’
538 2809 614 2900 ἡδύ,
637 2817 693 2882 καὶ
715 2817 782 2881 τῶν
804 2815 967 2896 πολλάκις
988 2821 1224 2906 θρυλουμένων

376 2999 380 3006 .
440 2913 619 2999 διάμεστον
643 2911 723 2984 duro
745 2915 783 2984 ιδ
807 2919 1092 3005 παραγεύσασθαί
1113 2947 1203 3001 τινος
1255 2947 1257 2952 ·

438 3021 555 3088 καινοῦ
577 3023 724 3106 παρέσχε
748 3019 931 3087 διπλασίαν
953 3019 1012 3108 τὴν
1033 3018 1154 3110 ἡδονήν

266 3145 338 3190 cum
360 3123 461 3190 Sileni
483 3142 535 3205 ap.
559 3123 633 3187 Eur.
657 3123 765 3190 uerbis
788 3144 839 3190 uu.
856 3128 918 3189 250
930 3144 991 3208 sq:

439 3219 600 3286 adscisci
622 3214 654 3307 γ’
681 3221 803 3289 ἐκτῶν
825 3217 981 3310 ἠθάδων,
1005 3211 1030 3289 ά
1055 3225 1219 3308 δέσποτα,

438 3315 546 3407 ἡδίον’
574 3320 664 3389 ἐστίν

268 3431 300 3490 et
321 3426 359 3490 ir.
375 3426 436 3490 inc.
453 3427 494 3487 40
517 3423 606 3491 Stob.
622 3424 714 3492 floril.
730 3428 772 3509 X,
788 3431 845 3492 22:

441 3521 483 3587 τά
505 3522 636 3610 πονηρά
658 3525 754 3614 κέρδη
777 3526 838 3604 σάς
859 3529 919 3612 μὲν
941 3525 1063 3616 ἡδονὰς
1085 3527 1152 3612 ἔχει

441 3623 575 3707 μικράς,
599 3623 717 3690 ’ἔπειτα
741 3620 772 3692 δ’
792 3621 930 3715 ὕστερον
954 3628 1062 3707 λύπας
1083 3631 1212 3719 μακράς

268 3751 339 3797 cum
361 3727 468 3794 Ulixis
490 3747 541 3809 ap.
564 3727 638 3791 Eur.
661 3729 769 3794 uerbis
790 3749 842 3795 uu.
861 3734 1014 3814 311sqq.:
1044 3733 1202 3800 πολλοῖσι
1221 3733 1284 3821 γὰρ

441 3824 537 3912 κέρδη
561 3824 692 3914 πονηρά
715 3824 832 3914 ζημίαν
854 3823 1035 3917 ἠμείψατο.

270 3931 335 3998 Suo
364 3932 432 3997 iure
456 3929 615 4014 quispiam
644 3929 736 3996 nobis
765 3935 951 4016 opposuerit
978 3936 1019 4001 ab
1047 3944 1183 4020 utroque
1210 3948 1308 4023 poeta
1335 3941 1412 4007 haec
