3028 4672
420 253 462 308 De
479 253 643 323 Polyphemo
660 257 688 308 et
705 252 828 308 Galatea.
1137 253 1195 312 191

139 430 207 494 Iam
230 429 258 494 si
280 426 322 493 ad
345 428 446 512 ipsius
467 425 696 510 dithyrambi¹l
725 433 826 493 artem
847 432 943 511 atque
965 428 1120 493 rationem
1143 448 1197 494 er·

68 531 236 616 ponendam
258 529 438 614 pergimus,
467 528 690 612 grauissimam
710 530 877 594 materiam
899 529 1055 614 praebent
1075 528 1198 595 scholia

69 633 103 699 ad
121 630 282 716 Aristoph.
303 630 390 696 Pluti
418 649 471 696 uu.
494 632 555 694 290
576 634 608 695 et
630 632 692 694 298
719 630 946 698 accedentibus
974 631 1085 715 paucis
1113 630 1197 714 frag-

70 735 171 801 mentis
193 740 226 800 et
247 732 447 799 testimoniis.
483 731 547 797 Per
567 729 742 798 ludibrium
764 733 848 797 enim
870 731 1101 817 Aristophanes
1124 730 1198 797 Phi·

69 837 163 902 lorcni
188 834 428 918 dithyrambum
455 835 596 900 imitatus
626 839 675 900 est
702 835 735 899 in
763 835 819 900 illo
849 835 973 901 cantico
995 834 1098 917 Pluti,
1126 853 1199 900 cum

70 938 150 1004 Cario
173 956 283 1006 seruus
299 937 392 1003 Pluto
416 935 545 1001 domum
561 933 725 1019 Chremyli
741 936 836 1002 ducto
860 939 923 1015 (uu.
940 938 1002 999 249
1011 938 1093 1018 sqq.)
1115 935 1199 1018 agri·

71 1041 139 1106 colis
153 1039 335 1106 conuocatis
351 1039 413 1115 (uu.
430 1041 492 1102 253
501 1037 583 1121 sqq.)
606 1038 729 1104 diuitiis
745 1042 776 1104 et
791 1038 923 1103 meliore
944 1037 1013 1102 uita
1033 1035 1198 1122 promissis

70 1147 124 1216 (uu.
139 1144 194 1206 261
205 1143 288 1224 sqq.)
314 1140 461 1207 saltando
476 1139 652 1224 Cyclopem
666 1159 765 1223 agens
789 1139 921 1206 chorum
942 1140 1038 1206 ducit.
1076 1139 1127 1204 le
1149 1137 1199 1204 his

71 1249 166 1310 lamen
185 1243 331 1309 uersibus
353 1243 519 1306 290-301
545 1241 735 1324 dolendum,
766 1242 851 1325 quod
873 1261 937 1307 non
958 1241 1036 1308 satis
1059 1247 1146 1306 certa
1166 1245 1202 1304 ut

71 1363 106 1410 ex
120 1345 283 1429 parodiall
306 1345 416 1427 colligi
433 1350 576 1427 possunt,
599 1344 661 1410 nisi
683 1363 725 1409 ex
747 1341 880 1409 scholiis
901 1344 943 1410 iis
963 1342 1044 1410 fides
1066 1341 1200 1408 accedit.

105 1451 183 1529 Καρ.
205 1446 260 1510 καί
282 1442 347 1530 μὴν
369 1440 431 1530 tyci
453 1442 662 1529 βουλήσομαι
682 1439 885 1527 θρεττανελὸ
908 1440 967 1508 τὸν
989 1441 1159 1508 Κύκλωπα

204 1544 408 1629 μιμούμενος
429 1548 483 1611 καὶ
506 1558 577 1612 τοῖν
600 1543 721 1610 ποδοῖν
743 1539 806 1609 obl
827 1537 1084 1628 παρενσαλεύων

206 1643 292 1731 ὑμᾶς
314 1642 421 1734 ἄγειν·
446 1639 521 1713 ἄλλ’
548 1643 601 1714 εῖα
622 1649 718 1712 τέκεα
739 1638 860 1729 θαμίν’
887 1644 1139 1732 ἐπαναβοῶντες

205 1747 412 1837 βληχώμενοί
432 1774 468 1816 τε
490 1754 684 1834 προβατίων

185 1939 188 1946 ⁴
209 1850 311 1937 αἰγῶν
332 1877 369 1918 τε
389 1850 619 1939 κιναβρώντων
640 1852 739 1939 μέλη,

209 1945 333 2020 ἕπεσθ’
359 1945 636 2041 ἀπεψωλημένοι·
659 1951 776 2041 τράγοι
798 1945 831 2018 δ’
859 1946 1084 2038 ἀκρατιεῖσθε.

111 2061 185 2143 Κορ.
207 2051 303 2142 ἡμεῖς
325 2054 362 2120 δέ
383 2048 416 2141 μ’
440 2043 480 2121 oei
503 2054 682 2144 ζητήσομεν
704 2054 906 2140 θρεττανελὸ
929 2053 987 2120 τὸν
1008 2053 1179 2119 Κύκλωπα

207 2155 429 2246 βληχώμενοι,
453 2156 490 2224 σὲ
512 2159 645 2224 τουτονί
666 2161 818 2224 πινῶντα
838 2154 1097 2240 καταλαβόντες,

208 2257 320 2347 πήραν
336 2257 451 2342 έχοντα
473 2257 598 2342 λάχανά
620 2253 652 2324 τ’
673 2254 771 2346 ἄγρια
794 2257 943 2344 δροσερά,
966 2259 1204 2345 κραιπαλῶντα

206 2356 387 2448 ἡγούμενον
408 2374 480 2437 τοῖς
501 2365 715 2446 προβατίοις,

209 2461 281 2550 εἰκῆ
303 2462 339 2528 δὲ
361 2462 619 2550 καταδαρθόντα
640 2486 723 2542 τιον,

209 2569 313 2651 μέγαν
336 2563 492 2648 λαβόντες
512 2559 657 2652 ἡμμένον
680 2570 861 2653 σφηκίσκον
884 2561 1102 2651 ἐκτυφλῶσαι.

76 2663 158 2732 Subit
187 2669 295 2736 statim
327 2669 435 2751 imago
468 2668 661 2753 Polyphemi
693 2670 838 2737 saltantis
872 2673 904 2735 et
935 2687 1067 2752 gregem
1103 2687 1204 2752 suum,

77 2787 160 2848 quem
176 2790 216 2836 ex
231 2770 344 2837 ouibus
368 2776 400 2836 ct
420 2773 525 2856 capris
548 2773 757 2856 compositum
780 2791 850 2839 esse
872 2770 1028 2854 uidemus,
1051 2771 1204 2836 ducentis.

77 2865 196 2938 Scholia
216 2879 323 2938 eutem
345 2871 470 2938 addunt
490 2872 655 2941 induxisse
675 2873 888 2940 Philoxenum
908 2872 1082 2957 Cyclopem
1104 2872 1205 2934 κιθα-

77 2967 196 3050 ρίζοντα
210 2975 264 3040 uel
278 2970 380 3056 λύραν
394 2975 572 3054 κατέχοντα
593 2982 624 3043 et
638 2995 680 3041 cx
694 2977 765 3058 ipso
780 2974 986 3059 dithyrambc
1008 2974 1051 3039 ad
1072 2971 1206 3037 uerbum

76 3076 202 3157 repetita
222 3095 294 3143 csse
319 3067 408 3140 ‘ill'
433 3069 487 3140 εία
508 3079 602 3140 τέκεα
623 3066 745 3158 θαμίν>
767 3065 1032 3158 ἐπαναβοῶντες
1057 3091 1089 3156 p.
1106 3072 1205 3154 341b,

79 3175 182 3260 llsq„
205 3178 320 3261 quibus
343 3179 449 3245 uerbis
472 3178 611 3262 (lyclops
633 3176 822 3261 cogitandus
845 3177 905 3242 crit
926 3175 1113 3242 adhortatus
1136 3193 1207 3242 esse

154 3331 176 3394 l)
192 3329 236 3384 Ab
259 3328 383 3383 omnibus
404 3328 619 3384 animaduersum
641 3333 684 3380 cst
706 3325 784 3381 modo
803 3325 946 3395 Cyclopem
967 3325 1048 3382 modo
1066 3323 1207 3381 Galateam

76 3407 264 3482 dithyrambum
280 3413 404 3468 inscribi:

320 3495 456 3569 Κύκλωψι
475 3497 558 3551 schel.
570 3495 651 3551 Arist.
670 3512 696 3565 p.
708 3495 780 3550 elle
797 3494 815 3549 l.
827 3499 850 3550 5.
864 3498 903 3551 13.

469 3582 568 3638 Athen.
582 3583 596 3635 1
612 3597 639 3650 p.
652 3586 696 3634 la.

470 3667 571 3724 Zencb.
583 3665 617 3731 V,
627 3670 667 3720 45.

304 3749 452 3804 Γαλάτειαι
470 3751 555 3807 schol.
565 3750 647 3807 Arist.
665 3768 693 3821 p.
705 3751 777 3806 elib
794 3751 812 3806 l.
824 3756 864 3806 28.

470 3835 569 3893 Athen.
583 3837 597 3890 Ι
614 3853 640 3906 p.
653 3840 699 3892 6ο.

108 4004 119 4054 t
155 3921 180 3985 2)
203 3918 316 3990 Saepius
338 3918 390 3974 hoc
409 3918 558 3976 Philoxeno
581 3927 612 3975 ut
634 3921 757 3976 omnibus
775 3918 1054 3990 dithyrambograpbis
1076 3916 1209 3974 accidisse

76 4011 107 4054 nc
119 4017 162 4056 um
179 4010 228 4059 est.
