2998 4674
273 227 337 290 302
638 227 770 298 Georgius
788 227 926 284 Ricarius
941 227 1061 284 llolland

273 407 413 487 peraret.
449 401 565 484 Neque
580 407 688 467 tamen
703 400 864 467 credimus
879 398 1144 467 PseudoAcroni
1165 407 1343 485 propterea
1363 407 1427 468 tan·

273 511 341 570 tum
356 502 570 585 Sarmentum,
592 502 742 568 scaenica
755 501 957 585 supellectile
973 499 1186 585 supersedere
1202 500 1334 586 Oscum,
1358 522 1426 568 oen·

273 607 388 688 unisse,
407 597 499 687 ‘quia
512 604 656 671 demissa
672 609 758 670 esset
778 593 908 684 barba',
931 602 1038 685 qualis
1059 621 1138 668 saue
1160 603 1193 668 in
1213 605 1426 672 monumentis

273 713 323 774 est
340 703 570 789 Polyphemus,
594 703 653 771 sed
675 705 773 770 etiam
794 710 927 788 propter
948 703 1133 770 cicatricem
1155 704 1246 770 illam
1268 705 1304 770 in
1326 705 1426 772 fronto

274 809 497 892 conspicuam,
528 825 611 889 quae
636 807 737 872 instar
759 811 845 873 esset
865 805 959 872 unius
982 806 1083 889 oculi,
1112 824 1210 888 quem
1237 806 1353 872 laruae
1373 806 1425 871 ‹le-

273 909 373 976 fuisse
394 909 451 975 uin
474 913 733 975 consentaneum.
776 908 877 973 Recto
897 925 994 990 porro
1017 906 1202 973 conclusum
1223 913 1273 974 est
1296 927 1341 973 ex
1363 909 1426 990 epi·

274 1012 379 1080 atulae
399 1011 473 1076 loco
494 1007 607 1074 rudem
630 1014 663 1074 ot
684 1009 879 1093 incomptam
902 1007 1108 1074 saltationem
1129 1007 1283 1093 Cyclopis
1307 1011 1426 1094 opponi

273 1112 383 1196 Satyri
404 1111 543 1194 agilitati
568 1114 601 1176 et
621 1109 790 1176 alacritati.
835 1107 969 1191 Satyros
990 1114 1099 1174 autem
1126 1111 1328 1192 pantomimo
1357 1131 1425 1176 oum

272 1219 383 1280 notum
406 1213 449 1278 sit
462 1211 600 1294 Augusti
620 1209 818 1294 temporibus
841 1210 1023 1276 excoluisse
1037 1209 1226 1295 Bathyllum
1246 1212 1352 1287 (Pers.
1368 1217 1423 1278 sat.

273 1314 313 1397 V,
323 1315 399 1378 123:
420 1311 497 1378 uide
511 1311 653 1378 Ps.·Acr.
670 1310 714 1377 ad
728 1311 806 1377 Hor.
822 1311 1057 1394 cp.11,2,125;
1079 1311 1164 1379 Plut.
1181 1321 1308 1397 quaest.
1323 1335 1423 1400 symp.

273 1415 344 1498 VH,
357 1416 386 1496 8,
400 1414 460 1496 3,3
482 1413 522 1480 ci.
537 1411 743 1479 Friedlaend.
758 1410 868 1478 histor.
884 1432 963 1477 mor.
978 1412 1113 1478 Roman.
1128 1414 1161 1478 Π
1175 1434 1206 1498 p.
1220 1416 1307 1498 286),
1331 1417 1425 1483 etiam

273 1516 450 1601 Cyclopem
471 1515 554 1581 inter
576 1513 671 1580 huius
693 1512 964 1598 discipulorumue
986 1521 1176 1597 argumenta
1197 1516 1299 1583 fuisso
1322 1518 1424 1585 facilis

273 1625 323 1686 est
344 1617 500 1701 suspicio,
522 1634 586 1681 non
608 1621 715 1681 tamen
738 1614 927 1681 comoediae
949 1613 1140 1698 Cyclopem,
1163 1617 1221 1682 scd
1243 1617 1425 1686 sabulamm

272 1720 483 1804 satyricarum
497 1717 551 1783 uel
562 1715 768 1800 dithyrambi,
783 1717 935 1798 quoniam
949 1718 1138 1800 pantomimi
1153 1737 1172 1783 c
1185 1720 1359 1787 comoedia
1373 1740 1424 1806 pe·

271 1822 322 1887 titi
337 1821 371 1885 in
385 1839 445 1885 usu
459 1819 559 1884 fuisse
573 1837 638 1883 non
655 1817 806 1884 uidentur
821 1816 873 1894 (cf.
888 1818 1008 1884 Friedl.
1023 1819 1044 1883 l.
1057 1819 1078 1883 l.
1095 1817 1203 1885 adnot.
1214 1821 1255 1897 1).
1289 1822 1424 1888 Amores

271 1919 465 2004 Polyphemi
486 1938 550 1984 non
570 1920 675 1984 minns
698 1937 795 2001 quam
816 1919 1036 1986 temulentiam
1058 1921 1093 1985 in
1113 1923 1315 2004 pantomimo
1338 1930 1424 1990 actos

272 2041 344 2089 esse
358 2026 490 2106 propter
504 2020 734 2088 obscenitatem
745 2018 920 2103 Bathyllici
934 2027 1021 2088 certe
1035 2023 1163 2105 generis
1175 2022 1274 2106 credi,
1290 2044 1358 2091 non
1373 2026 1424 2090 de·

272 2124 441 2190 monstrari
462 2127 578 2208 potest
614 2121 746 2205 Impura
764 2127 872 2188 autem
894 2123 974 2189 talia
995 2122 1037 2189 de
1052 2122 1246 2207 Polyphemi
1268 2132 1304 2192 et
1319 2126 1424 2194 Ulixis

272 2225 475 2305 commercio,
499 2223 609 2306 qualia
630 2221 783 2290 denotata
804 2221 906 2290 habes
920 2223 1009 2306 apud
1022 2223 1208 2290 Petronium
1230 2246 1257 2292 c.
1271 2229 1325 2292 48.
1349 2227 1423 2292 Luc.

272 2326 465 2409 Pseudolog.
488 2344 515 2390 c.
528 2327 580 2408 27,
606 2325 714 2408 potins
736 2325 863 2391 rusticis
890 2325 974 2408 illis,
1001 2331 1036 2390 ut
1058 2327 1104 2391 ita
1122 2315 1288 2410 ¹dicamus,
1320 2329 1424 2394 mimis

270 2426 448 2510 ingerenda
463 2433 555 2492 amnt
574 2445 670 2509 qnam
692 2427 958 2510 pantomimorum
981 2427 1184 2509 exquisitiori
1205 2429 1365 2496 lasciuiae
1386 2447 1424 2494 ne

270 2527 433 2593 nobilibus
456 2526 587 2610 quidem
608 2527 688 2593 uiris
711 2528 866 2610 ingratae.
910 2525 1139 2610 Quaecumque
1161 2549 1238 2596 uero
1260 2530 1297 2595 in
1320 2531 1423 2597 mimis

271 2633 304 2694 et
325 2628 532 2710 pantomimis
552 2628 620 2694 risu
641 2626 838 2695 diducebant
858 2630 973 2695 rictum
986 2631 1186 2714 spectatoris,
1208 2631 1243 2696 in
1257 2631 1423 2717 Euripidis

270 2730 382 2796 fabula
396 2728 537 2811 satyrica
550 2727 579 2794 si
593 2748 658 2794 uon
674 2730 831 2812 exposita,
851 2735 888 2796 at
901 2735 987 2796 certe
1003 2736 1090 2797 tacta
1112 2737 1145 2797 et
1166 2740 1423 2816 praemonstrata

270 2837 360 2914 sunt,
389 2829 564 2914 praecipue
590 2831 748 2913 obscena3
776 2832 877 2898 uoluti
905 2831 1111 2916 paederastia
1140 2834 1179 2900 of.
1201 2854 1253 2900 uu.
1271 2837 1422 2919 581sqq,

269 2938 439 3018 praeterea
454 2931 604 3014 ebrietas,
622 2938 739 3016 ructus,
759 2934 907 3016 uomitus,
924 2934 1094 3002 cantillans
1110 2936 1306 3003 comissatio.
1342 2937 1421 3003 Con-

269 3043 320 3102 tra
340 3055 362 3102 a
383 3035 552 3101 mimorum
573 3032 684 3101 indole
704 3034 878 3102 abhorrere
892 3034 1042 3102 uidentur
1056 3055 1139 3119 quae
1153 3057 1174 3102 a
1187 3036 1305 3105 Iahnio
1320 3038 1419 3122 symb.

269 3136 357 3204 arch.
387 3155 458 3203 cum
485 3135 526 3200 iis
553 3133 725 3202 laudantur
748 3136 955 3221 Cyclopea
982 3138 1238 3222 ascriptoribus
1267 3137 1420 3207 historiae

269 3240 435 3323 Augustae
457 3239 540 3304 inter
560 3237 655 3304 ludos
676 3237 864 3322 posterioris
893 3239 1009 3305 aetatis
1037 3239 1263 3322 imperatoriae
1293 3259 1419 3308 enume-

268 3346 349 3422 rata,
372 3357 455 3425 quae
475 3339 580 3422 magis
594 3337 639 3405 ad
653 3341 770 3406 robora
791 3340 945 3406 immania
967 3340 1157 3407 ostentanda
1178 3339 1329 3408 uidentur
1351 3361 1417 3426 per-

268 3440 419 3524 tinuisse,
441 3446 477 3506 ut
498 3446 656 3509 nostrates
678 3444 783 3510 solent
803 3441 960 3508 Hercules
982 3448 1146 3526 spectaro,
1170 3443 1208 3509 cf.
1225 3443 1322 3511 Treb.
1338 3442 1416 3508 Poll.

269 3540 407 3610 Galliam
430 3543 450 3604 8
476 3534 655 3625 ‘Cyclopea
683 3544 780 3610 etiam
809 3543 953 3610 luserunt
978 3563 1090 3612 omnes
1118 3546 1280 3629 apenarii,
1312 3547 1359 3612 ita
1384 3549 1417 3608 ut

268 3642 417 3712 mitanda
439 3639 598 3725 quaedam
626 3649 659 3709 et
686 3644 846 3730 stupenda
867 3636 1092 3713 monstrarent'
1120 3647 1159 3712 of.
1181 3647 1273 3714 Flau.
1289 3647 1414 3731 Vopisc.

269 3746 374 3815 Oasin.
389 3748 438 3810 19.

743 3896 946 3905 ῃ
