3028 4672
477 205 519 261 Do
537 205 705 277 Polyphemo
723 211 751 264 et
771 209 894 266 Galatea.
1206 213 1266 274 199

105 397 223 444 uorum
237 378 331 443 turba
346 375 485 443 cinctum
507 398 606 445 unum
628 399 662 446 se
685 380 841 446 uictorem
863 382 1043 465 ostendere,
1066 404 1172 469 neque
1193 406 1266 471 gre·

103 499 181 562 gem
208 499 300 546 suum
322 481 356 544 iu
377 484 468 545 antro
496 480 666 563 reliquisse
694 482 855 564 putandus
884 483 961 566 erit,
991 485 1047 567 qui
1074 484 1199 553 diuitiis
1228 508 1265 555 se

106 579 336 646 commendare
364 580 463 646 uellet
491 581 542 658 (ci.
564 580 719 648 Schmidt.
742 602 773 666 p.
786 585 849 662 65).
895 583 1052 668 Speciosa
1080 591 1188 653 autem
1216 596 1265 657 est

106 681 281 748 Ribbeokii
298 681 490 764 coniectura,
514 703 556 748 ex
571 703 635 767 qua
650 682 712 750 hoc
726 683 822 750 modo
841 685 969 753 irrisum
991 705 1062 752 esse
1085 687 1263 771 dithyram-

105 783 215 849 bioum
237 787 418 867 satyrorum
440 779 573 850 chorum
595 784 766 850 arbitratur
787 786 876 853 nisus
897 787 968 854 sine
982 787 1081 855 dubio
1096 788 1261 874 Aristoph.

105 904 137 949 u.
153 887 234 952 295:

262 958 385 1032 ἕπεσθ’
405 959 685 1053 ἀπεψωλημένοι·
708 967 825 1055 τράγοι
848 961 880 1036 d'
899 962 1126 1057 ἀκρατιεῖσθε.

104 1068 257 1138 Fortasse
274 1069 405 1137 chorum
421 1070 617 1152 στερεμνίου
633 1069 779 1138 dramate
800 1071 862 1140 hac
883 1075 917 1139 in
939 1073 1050 1139 fabula
1072 1076 1261 1144 sollemnem

104 1178 286 1256 satyrorum
314 1173 419 1265 (Bipp.
441 1192 472 1256 p.
486 1172 539 1248 34)
567 1170 693 1238 idoneis
721 1175 919 1240 uestimentis
948 1175 1051 1259 magis
1079 1175 1123 1241 ad
1152 1177 1260 1260 gregis

104 1273 349 1340 similitudinem
364 1272 535 1357 adoptarat
548 1278 655 1356 poeta,
677 1278 713 1338 ut
733 1294 796 1339 non
811 1276 923 1341 ‘solum
938 1273 1066 1361 τράγοι,
1089 1276 1147 1344 sed
1162 1279 1259 1344 etiam

105 1367 206 1456 αἶγες,
232 1368 310 1454 οἶες,
334 1367 440 1460 όρνες,
463 1376 552 1458 κριοί
574 1374 607 1437 in
630 1392 747 1440 scaeua
761 1377 1029 1459 conspicerentur.
1065 1377 1259 1462 Progressus

102 1475 203 1558 igitur
217 1475 357 1558 Cyclops
372 1476 414 1541 ad
429 1477 505 1542 litus
520 1475 712 1542 cantilenam
727 1477 916 1541 amatorium
931 1474 1008 1560 edit,
1025 1479 1116 1545 cuius
1130 1481 1258 1546 initium

102 1575 342 1661 dithyrambico
357 1581 546 1643 nouatorum
560 1576 731 1642 uerborum
746 1581 870 1642 tumore
886 1579 1092 1662 conspicuum
1115 1583 1259 1647 seruauit

99 1678 289 1745 Athenaeus
311 1678 393 1744 XIII
413 1698 445 1762 p
458 1680 546 1744 564e
568 1679 649 1754 (fra
651 1681 719 1752 ):o
708 1670 781 1740 ‘dd
801 1678 860 1741 τοῦ
881 1680 1057 1796 Κυθηρίου
1075 1678 1257 1757 Φιλοξένου

101 1775 297 1860 Κύκλωψ
283 1781 367 1899 ερολν
390 1781 449 1864 τῆς
471 1777 657 1854 Γαλατείας
684 1778 740 1842 και
768 1769 916 1845 ἐπαινοῦν
945 1771 1047 1866 αὐτῆς
1074 1777 1111 1845 τό
1135 1778 1256 1860 κάλλος

100 1878 414 1966 προμαντευόμενος
435 1874 494 1965 τὴν
515 1875 687 1964 τύφλωσιν
709 1877 823 1945 πάντα
842 1880 970 1963 μαλλον
994 1872 1094 1967 αὐτῆς
1123 1878 1258 1950 ἐπαινεῖ

99 1968 122 2066 ἢ
143 1983 211 2047 τῶν
232 1973 424 2068 ὀφθαλμῶν
445 1978 645 2067 μνημονεύει
666 1980 769 2066 λέγων
792 1972 858 2047 ωδε

254 2079 292 2146 Ω
313 2080 577 2169 καλλιπρόσωπε

252 2181 534 2269 χρυσεοβόστρυχε
556 2180 738 2263 Γαλάτεια,

251 2282 476 2370 χαριτόφωτε,
500 2282 610 2361 θάλος
621 2289 642 2360 ¹)
665 2279 807 2369 ἐρώτων.

99 2387 227 2454 Laudat
249 2388 345 2472 igitur
370 2391 496 2455 amatae
524 2387 656 2469 faciem,
686 2387 808 2469 crines,
838 2404 965 2468 uocem,
996 2386 1113 2452 omittit
1140 2388 1250 2456 oeulos

99 2490 264 2556 celebrare
285 2510 350 2556 non
371 2488 579 2572 praesagiens
595 2487 822 2568 caecationem,
845 2490 880 2550 ut
894 2485 986 2553 addit
1000 2485 1186 2557 Athenaeus
1210 2509 1251 2556 ex

98 2591 378 2673 grammaticorum
398 2589 540 2671 somniis,
563 2609 628 2672 qua
641 2589 675 2653 in
689 2608 725 2654 re
738 2586 861 2652 nullum
882 2607 1018 2654 acumen
1040 2588 1169 2674 inesset,
1193 2590 1253 2659 sed

98 2691 184 2774 quod
207 2691 479 2776 pulchritudinem
502 2692 666 2757 oculorum
687 2710 752 2756 non
773 2691 870 2756 sentit
896 2690 968 2773 ipso
997 2697 1130 2774 propter
1156 2694 1250 2759 unius

97 2795 146 2860 sui
168 2794 299 2859 luminis
321 2793 423 2859 aciem
447 2811 543 2874 quam
570 2793 710 2858 maxime
738 2789 882 2875 inflatus,
912 2811 976 2875 qua
1003 2791 1045 2856 de
1073 2812 1108 2857 re
1136 2799 1250 2876 postca

70 2955 72 2960 .
97 2897 191 2979 plura
206 2895 359 2961 dicemus.
390 2891 443 2957 Ad
457 2891 554 2958 finem
568 2912 645 2959 uero
661 2894 820 2976 carminis,
843 2913 907 2959 non
922 2899 957 2958 ut
970 2891 1131 2975 Bergkius
1155 2893 1203 2971 (fr.
1218 2897 1250 2967 7)

96 2996 284 3080 fragmentis
307 2994 461 3061 ordinatis
484 2995 612 3060 uidetur
637 2994 780 3061 indicare
801 2992 845 3059 ad
866 2993 991 3058 initium
1013 2991 1171 3059 adductus
1193 2993 1249 3059 ille

97 3098 229 3180 quidem
244 3095 407 3162 Theocriti
422 3097 465 3162 id.
481 3096 530 3161 IX
552 3097 740 3175 imitatione,
762 3093 939 3177 releganda
960 3099 1008 3159 est
1030 3093 1143 3159 umbra
1164 3094 1248 3178 frag·

97 3200 193 3266 minis
206 3195 351 3282 alicuius,
375 3218 458 3282 quae
473 3199 575 3265 tribus
589 3199 671 3264 locis
687 3196 866 3262 contexitur
884 3192 984 3260 schol.
997 3192 1133 3260 Theocr.
1144 3195 1202 3278 XI,
1214 3199 1246 3260 1:

96 3300 151 3364 καὶ
176 3295 358 3376 Φιλόξενος
384 3295 444 3364 τόν
475 3296 643 3362 Κύκλωπα
670 3307 765 3361 ποιεῖ
790 3291 1098 3381 παραμυθούμενον
1127 3292 1247 3362 ἑαυτὸν

97 3395 153 3465 ἐπὶ
176 3402 224 3484 τῷ
245 3401 305 3486 τῆς
327 3401 512 3476 Γαλατείας
535 3396 711 3479 ’ἐρωτικαὶ
735 3393 965 3478 ἐντελλόμενον
986 3407 1058 3474 τοῖς
1081 3394 1245 3485 δελφῖσιν,

97 3491 190 3579 ὅπως
212 3494 409 3587 ἆγνείλωσιν
432 3492 528 3587 αύτῇ,
551 3491 606 3565 ότι
623 3511 698 3574 ταῖς
712 3495 872 3574 Μούσαις
893 3493 951 3586 τόν
974 3495 1082 3585 ἔρωτα
1105 3491 1244 3566 ἆκεῐται.

97 3602 178 3670 Plut.
196 3608 318 3688 quaest.
335 3624 437 3689 symp.
452 3604 478 3687 Ι,
495 3609 529 3668 5:
553 3592 641 3666 ὅπου
664 3602 719 3666 καὶ
741 3597 800 3666 τόν
823 3597 994 3665 Κύκλωπα
1009 3597 1168 3676 Μούσαις
1182 3587 1245 3664 ἐύ-

97 3704 222 3789 φώνοις
245 3703 369 3772 ἰᾶσθαί
392 3725 476 3792 φησι
497 3701 556 3769 τόν
574 3700 681 3789 ἔρωτα
699 3699 889 3780 Φιλόξενος.
926 3704 1122 3771 Erot.c.18:
1146 3697 1244 3764 Μού-

181 3949 205 4004 tt
223 3941 269 3997 Sic
286 3941 384 4008 Bergk.
397 3941 468 4008 poet.
481 3941 531 4010 lyr.
546 3939 606 3995 (ir.⁴
632 3939 746 3995 Fiorillo
764 3935 874 3992 octus.
903 3936 1033 3992 Truditur
1049 3930 1151 3988 κᾶλλοι.

156 4027 169 4064 ι
