3028 4672
477 225 519 280 De
537 224 701 295 Polyphemo
721 229 748 280 et
766 225 888 280 Galatea.

225 393 234 407 “
313 395 331 466 δ
356 397 523 487 δεσπότης
545 393 646 480 ούμδς
670 399 749 480 περὶ
772 395 889 482 λόγους
910 395 972 482 γάρ
994 421 1078 463 ποτε

314 501 468 588 διέτριψε
489 505 702 585 μειρακίσκος
725 488 770 565 ἀν
793 501 850 564 καὶ
873 500 1075 586 φιλοσοφεῖν

314 600 469 669 ἐπέθετο.
504 607 691 689 Κυρηναῖος
713 586 753 686 ἦν
776 597 924 667 ἐνταῦθά
946 624 1015 681 τις,

314 696 360 781 ὥς
382 696 480 791 φασ’,
506 696 744 790 Ἀρίστιππος,
768 701 933 789 σοφιστὴς
951 695 1089 790 εὐφυής,

313 805 441 888 μᾶλλον
464 804 500 870 δὲ
523 803 704 892 πρωτεύων
727 799 887 870 ἀπόντων
908 807 975 870 τιύν
996 803 1073 871 τότε
1247 816 1263 866 5

314 900 479 993 ἀκολασίᾳ
500 931 536 972 τε
557 909 624 973 τοῖν
645 905 828 992 γεγονότων
851 905 1029 994 διαφέρων.

312 1008 420 1095 τούτῳ
442 1007 607 1075 τάλαντον
630 1006 708 1084 δούς
728 1007 886 1096 μαθητὴς
906 998 1058 1095 γίγνεται

314 1106 332 1177 ό
357 1109 533 1198 δεσπότης.
566 1111 622 1177 καὶ
645 1107 704 1196 τὴν
726 1113 838 1198 τέχνην
861 1111 922 1194 μὲν
945 1103 983 1176 ού
1006 1109 1097 1176 πάνυ

314 1210 473 1296 ἐξέμαθε,
496 1211 556 1298 τὴν
579 1204 611 1277 δ’
639 1203 799 1297 ἀρτυσίαν
823 1210 1034 1298 συνήρπασεν
1045 1217 1076 1292 1).

18 1339 19 1346 “
108 1320 228 1385 Versus
245 1320 324 1399 5sq.
347 1317 404 1381 uix
426 1317 552 1400 integri.
596 1315 701 1382 Nimis
729 1315 867 1382 inaniter
895 1321 1030 1400 augetur
1057 1317 1145 1382 notio
1174 1316 1261 1384 illius

109 1411 234 1508 εύφυής
248 1437 329 1484 uoce
344 1417 481 1501 μᾶλλον,
501 1418 561 1483 nisi
578 1416 711 1483 uerbum
727 1413 909 1499 πρωτεύων
924 1416 1143 1484 additamento
1158 1418 1261 1484 maius

19 1523 20 1532 ’
110 1522 187 1606 quid
203 1527 236 1588 et
249 1520 463 1603 inexspectati
485 1518 667 1584 continente
685 1515 844 1598 definitur,
866 1521 902 1582 ut
923 1537 954 1582 u.
971 1521 990 1581 6
1014 1515 1183 1603 διαφέρων
1206 1519 1262 1584 da-

19 1681 20 1704 ,
109 1625 175 1690 tiuc
192 1613 368 1705 ἀκολασία.
406 1619 520 1686 Oonati
542 1639 619 1685 uero
635 1619 768 1686 Graecis
790 1618 899 1684 uerbis
922 1617 1045 1684 hiatrum
1067 1611 1211 1703 explere,
1234 1621 1263 1687 si

19 1785 20 1817 η
110 1725 222 1792 ludere
236 1724 285 1789 fas
301 1727 359 1805 est,
381 1721 518 1805 profecti
532 1720 573 1786 ab
589 1719 792 1806 oppositione
813 1719 1087 1804 philosophorum,
1111 1722 1168 1804 qni
1190 1728 1263 1788 sunt

19 1853 20 1882 2
110 1833 141 1894 et
156 1827 213 1910 qui
226 1825 363 1906 fuemnt,
387 1822 607 1890 desideramus
629 1841 694 1904 eos,
719 1822 897 1904 quierunt,
919 1827 954 1886 ut
977 1823 1101 1890 comica
1123 1842 1261 1907 exagge-
1389 1887 1391 1892 ,

19 1939 20 1946 ’
109 1930 234 1995 ratione
257 1925 381 1992 dicatur
402 1924 586 2009 Aristippus
610 1925 708 1990 etiam
729 1925 851 1990 futuros
879 1943 1031 2009 superare
1061 1926 1112 2003 (cf.
1135 1926 1261 1992 Mardo-

19 2015 20 2044 ³
110 2033 199 2096 nium
218 2027 363 2094 Xerxem
384 2026 569 2092 laudantem
589 2026 709 2092 Herod.
722 2027 792 2110 VH,
809 2029 850 2108 9),
873 2026 934 2090 rati
956 2028 1003 2092 sic
1025 2026 1265 2108 quodammodo

19 2127 20 2216 j
109 2131 212 2199 alludi
238 2128 281 2194 ad
303 2127 545 2213 apophthegma
571 2127 705 2211 aliquod
726 2128 885 2212 Aristippi
912 2128 946 2192 in
967 2126 1126 2192 Athenaei
1155 2129 1262 2196 uerbis

19 2217 20 2268 i
110 2240 143 2300 ut
166 2233 336 2317 opinamur
358 2235 520 2296 seruatum
540 2230 605 2294 XII
627 2251 658 2315 p.
672 2234 778 2295 etna:
807 2227 1057 2314 παραπλησίως
1078 2240 1151 2304 τοῖς
1172 2221 1263 2295 ἀσώ-

19 2339 20 2404 7
109 2357 180 2410 τοις
196 2325 272 2398 ούτε
289 2327 350 2416 τὴν
371 2329 500 2418 μνήμην
521 2333 588 2394 τοῖν
610 2328 786 2414 γεγονυιῶν
808 2321 1031 2394 ἀπολαύσεων
1053 2326 1141 2415 πρός
1162 2325 1264 2397 αύτδν

19 2461 20 2468 “
109 2432 290 2524 ἡγούμενος
312 2426 388 2498 ούτε
409 2429 469 2518 τὴν
490 2429 613 2498 ἐλπίδα
635 2433 701 2496 ταῖν
724 2429 906 2512 ἐσομένων,
937 2423 1012 2496 ἀλλ’
1038 2429 1087 2498 ἑνὶ
1108 2430 1201 2518 μόνῳ
1223 2431 1262 2500 τό

19 2531 20 2568 ³
110 2532 243 2624 ἀγαθόν
258 2539 377 2619 κρίνων
391 2536 440 2619 τῷ
454 2531 609 2619 παρόντι,
631 2529 669 2598 τὸ
689 2531 725 2597 δὲ
748 2523 1012 2599 ἀπολελαυκέναι
1032 2534 1089 2599 καὶ
1111 2525 1263 2600 ἀπολαύ-

18 2693 19 2696 .
110 2661 180 2706 σειν
203 2629 299 2704 οὐδὲν
322 2633 465 2718 νομίζων
485 2632 573 2721 πρδς
596 2629 706 2715 αύτόν,
729 2632 767 2700 τό
790 2633 851 2717 μὲν
873 2628 920 2711 ὡς
942 2627 1000 2701 oie
1022 2629 1071 2701 ’ἐτ’
1093 2631 1141 2718 όν,
1164 2636 1203 2704 τό
1227 2637 1264 2703 δέ

110 2737 155 2819 ὥς
178 2734 275 2807 οόπω
298 2735 364 2825 [καὶ
388 2732 533 2825 diolco}
576 2739 671 2804 Hunc
693 2738 790 2822 igitur
812 2737 1013 2806 adoleuimus
1042 2760 1262 2825 progressum:

314 2839 441 2922 μᾶλλον
464 2839 500 2906 δὲ
522 2837 704 2925 πρωτεύων
727 2835 886 2904 ἀπόντων
908 2841 974 2904 τῶν
996 2838 1073 2906 τότε

314 2935 478 3028 <ἀσωτίφ,
501 2942 568 3004 τῶν
591 2933 624 3005 δ’
646 2938 812 3025 ἐσομένων
835 2932 1023 3027 ἀπληστίᾳ)

17 3115 18 3130 η
315 3035 480 3129 ἀκολασίᾳ
502 3066 538 3108 τε
560 3045 628 3108 τῶν
649 3041 833 3127 γεγονότων
855 3040 1035 3126 διαφέρων.

17 3179 18 3184 “
109 3149 211 3216 Vides
225 3152 262 3213 nt
275 3147 425 3213 aberrare
443 3147 606 3229 potuerint
627 3146 750 3212 librarii
765 3146 859 3212 oculi.
898 3146 1060 3212 Didicisse
1082 3145 1179 3227 igitur
1200 3145 1263 3212 ler-

109 3257 160 3316 tnr
174 3249 293 3332 aliquis
309 3244 476 3333 δεσπότης
492 3267 557 3314 non
571 3246 811 3331 philosophiam
825 3268 846 3312 a
860 3246 1065 3333 philosopho,
1087 3246 1145 3312 scd
1161 3253 1263 3314 artem

110 3353 199 3420 cibos
223 3348 405 3417 condiendi.
449 3347 586 3426 Qualem
608 3367 699 3414 erum
723 3349 756 3413 in
777 3354 845 3414 tota
873 3349 983 3418 fabula
1012 3349 1135 3414 nullum
1163 3350 1263 3416 alium

16 3503 18 3546 p
110 3453 291 3520 inuenimus
306 3470 402 3534 quam
425 3452 531 3535 ipsum
546 3449 732 3533 Cyclopem,
755 3451 875 3533 inquo
899 3452 994 3533 coqui
1014 3470 1185 3536 personam
1208 3471 1263 3519 ex-

16 3559 18 3640 ξ
112 3556 251 3622 seruisse
265 3552 413 3620 uidemus
428 3552 610 3620 Alexidem.
647 3553 813 3620 Institutas
828 3560 936 3618 autem
950 3555 979 3620 si
993 3555 1115 3620 comice
1135 3553 1264 3638 fingitur

16 3685 18 3760 η
112 3657 153 3722 ab
174 3656 340 3739 Aristippo
364 3654 552 3737 cyrenaico,
579 3674 674 3736 quem
697 3655 833 3739 primurn
856 3655 1092 3722 Socraticorum
1114 3654 1263 3722 mercede

16 3769 17 3846 j
113 3755 279 3842 discipulis
294 3755 473 3822 doctrinam
487 3756 673 3824 uendidisse
695 3758 812 3824 scimus
833 3777 874 3824 ex
890 3757 985 3840 Diog.
998 3757 1102 3824 Laert.
1115 3757 1156 3838 ΙΙ,
1168 3757 1197 3838 8,
1210 3759 1262 3838 65,

199 3975 223 4037 1)
241 3972 319 4026 Libri
336 3965 468 4044 ἀρτηρίαν
486 3967 668 4044 συνήρπασεν.
699 3973 851 4030 Meinekius
870 3972 1031 4028 emendarit.
