2998 4674
451 249 494 306 De
511 249 676 321 Polyphemo
695 255 723 306 ot
740 251 862 308 Galatea.
1173 252 1235 314 299

85 423 310 505 abiectumque
332 441 434 505 genus
461 421 624 505 loquendi.
669 422 845 507 (lyolopem
873 423 986 508 igitur,
1016 424 1071 507 qui
1097 425 1235 492 fortasse

84 523 172 608 apud
188 522 394 590 Timotheum
411 524 547 590 iactarat
568 525 884 608 magniloquentiam,
905 525 1034 591 induxit
1054 525 1234 594 balbutien-

84 631 149 692 tem
172 625 249 691 uino
271 631 439 693 oneratum
460 631 494 691 et
508 625 638 692 Ulixem
659 627 866 694 soloecismos
886 626 1119 693 admittentem.
1152 627 1234 694 Miro

83 725 160 792 huic
181 726 313 794 inuento
336 726 460 809 aliquid
482 727 611 794 luminis
633 727 760 794 accedit
787 747 829 794 ex
856 727 1040 794 testimonio
1061 727 1235 794 Philoxeni

83 827 286 910 grammatici
308 827 351 893 ad
372 827 573 913 Sophronam
595 828 851 913 mimographum
881 835 1047 913 spectante
1069 829 1175 913 Etym.
1190 830 1233 894 M.

82 931 351 1012 p.774,42sqq.:
382 926 470 1014 ζήτει
497 926 535 994 τὸ
560 927 654 1016 παρὰ
675 927 834 1016 Σώφρονι
860 923 1052 1014 (ὑγιώτερον
1079 927 1234 996 κολοκύν-

81 1022 169 1109 τας’,
194 1031 270 1106 πῶς
284 1022 322 1094 οὗ
338 1030 426 1115 λέγει
438 1023 668 1118 ’ὑγιέστερον’,·
690 1028 805 1118 ῥητέον
821 1016 888 1111 οὖν,
906 1021 961 1097 ὅτι
975 1029 1083 1096 ἑκοντὶ
1097 1022 1233 1116 ἥμαρτε,

81 1128 120 1198 τὸ
146 1125 269 1196 ἄκακον
290 1133 349 1217 τῆς
375 1136 563 1216 γυναικείας
593 1130 767 1220 ἑρμηνείας
793 1130 1012 1216 μιμούμενος·
1042 1130 1080 1198 ὃν
1106 1129 1234 1216 τρόπον

81 1224 177 1298 κάκεῖ
199 1230 438 1299 ἐσοίοίκισε
462 1228 651 1317 τακομένα
671 1237 720 1300 τῶ
741 1236 888 1311 κιθῶνος
909 1227 996 1314 (ἀντὶ
1018 1236 1078 1300 τοῦ
1100 1232 1234 1320 ἐνέχυρα

0 1412 1 1431 ¹
81 1336 200 1414 θεῖσα)
229 1330 247 1400 ὁ
271 1333 369 1411 τόκος
397 1359 447 1400 νιν
469 1329 713 1422 ἆλιφθερώκει’
739 1337 798 1416 (sic
819 1336 1031 1404 Valckenaer.
1055 1337 1177 1404 adnott.
1201 1337 1235 1402 in

81 1457 206 1521 argum.
223 1436 378 1504 Adoniaz.
395 1437 531 1506 Theoer.
554 1460 585 1523 p.
602 1439 769 1521 200sqq.).
808 1434 1011 1514 Σολοικίζειν
1034 1439 1131 1521 igitur
1161 1458 1234 1504 cum

82 1539 138 1606 hic
158 1539 413 1623 intellegendum
435 1541 477 1606 sit
499 1540 540 1606 de
563 1539 741 1625 Sophronis
762 1544 850 1622 arte,
879 1558 944 1621 qua
966 1544 1076 1605 contra
1103 1539 1234 1622 linguae

82 1641 173 1725 leges
195 1646 367 1725 peccantes
388 1641 529 1707 faciebat
550 1660 722 1725 personas,
752 1647 788 1706 ut
817 1641 959 1725 uulgaris
988 1640 1140 1706 rusticiue
1169 1657 1234 1705 ser-

82 1744 188 1808 monis
211 1742 449 1825 simplioitatem
475 1737 525 1816 (τὸ
550 1734 683 1818 ἄκακον)
711 1748 744 1809 et
764 1743 969 1809 securitatem
992 1740 1160 1807 denotaret
1182 1739 1234 1816 (ct.

82 1843 296 1910 Valckenaer.
312 1845 332 1908 l.
343 1844 387 1927 1.),
410 1842 560 1911 Oenones
574 1844 702 1911 uidetur
716 1843 911 1910 Laertiaden
926 1841 1092 1910 induxisse
1114 1843 1235 1928 agresti

80 1951 115 2012 et
137 1945 256 2012 uitioso
279 1963 426 2012 sermone
447 1951 607 2028 utentem,
636 1951 672 2010 ut
694 1946 898 2029 oppositione
920 1950 1118 2029 exaggerata
1140 1945 1235 2012 casti·

81 2051 177 2129 garet
191 2044 499 2130 dithyrambioorum
517 2047 780 2130 nomicorumque
801 2049 972 2113 uerborum
993 2046 1113 2112 formas
1135 2045 1235 2113 audae

79 2167 138 2214 ees
154 2153 187 2214 et
201 2146 378 2214 inauditam
394 2151 593 2214 structdram.
627 2147 743 2214 Ulixes
757 2153 864 2214 antem
878 2146 1039 2233 putandus
1060 2152 1110 2212 est
1130 2147 1235 2213 soloe·

79 2250 202 2316 cismos
216 2249 291 2315 illos
308 2248 462 2316 effudisse
484 2248 735 2314 familiaritatem
759 2248 921 2332 quandam
944 2268 1017 2315 cum
1032 2245 1235 2332 Polyphemo

79 2351 306 2434 simulaturus,
335 2357 371 2416 ut
397 2370 432 2417 se
461 2370 504 2417 ex
532 2355 623 2416 antro
652 2349 842 2433 dimitteret,
874 2355 911 2416 ut
937 2350 1070 2416 faciunt'
1087 2348 1235 2415 homines

78 2452 286 2537 impetraturi
313 2450 438 2534 aliquid
460 2452 503 2516 ab
525 2451 644 2517 inculto
668 2451 754 2534 uiro,
785 2451 890 2533 qualis
919 2471 1036 2518 scaena
1064 2451 1235 2517 obuersata

80 2551 213 2619 uidetur
227 2552 374 2636 Synesio.
411 2553 584 2618 Praeterea
598 2551 715 2617 melius
730 2553 943 2619 conueniebat
964 2553 1120 2620 sermonis
1141 2553 1236 2619 rusti-

83 2656 165 2720 citas
180 2653 313 2719 horrido
329 2652 454 2720 habitui
468 2653 616 2736 naufragi
631 2653 747 2720 Ulixis.
781 2654 1013 2738 Argumentum
1028 2656 1126 2739 igitur
1147 2655 1235 2720 illius

81 2754 240 2840 parodiae
254 2755 382 2821 uidetur
397 2755 497 2822 fuisse
511 2755 665 2840 Cyclopis
680 2761 712 2821 ot
727 2755 834 2824 Ulixis
850 2758 1046 2841 colloquium
1067 2755 1109 2820 de
1128 2755 1235 2819 dimit-

78 2857 181 2923 tendo
204 2858 332 2941 captiuo
355 2862 387 2922 et
408 2857 491 2922 uafri
506 2856 685 2924 Ithacensis
701 2857 794 2924 dolus
806 2861 837 2935 ¹).
871 2858 943 2937 Qua
965 2860 998 2924 in
1020 2855 1156 2942 parodia
1177 2856 1236 2920 uix

81 2958 290 3025 Timotheum
313 2960 416 3025 solum
443 2959 631 3041 perstrinxit
653 2957 819 3043 Oenonas,
849 2961 907 3025 sed
935 2965 1105 3041 cognatum
1132 2975 1235 3039 genus

83 3059 282 3144 dithyrambi
303 3059 489 3126 Philoxenii
511 3061 628 3142 partim
657 3060 700 3125 ad
728 3061 884 3126 irrisionis
913 3060 1043 3126 aculeos
1071 3056 1234 3124 acuendos

83 3163 201 3245 partim
221 3161 265 3226 ad
280 3161 510 3244 exagitandum
532 3167 564 3227 et
584 3161 689 3245 ipsum
710 3159 897 3227 adhibuisse
921 3158 1153 3226 existimandus
1175 3160 1237 3224 erit

83 3263 136 3340 (cf.
148 3261 450 3328 Winckelmannum
465 3261 508 3328 ad
523 3263 606 3328 Plut.
622 3263 740 3329 Erotio.
763 3282 795 3345 p.
808 3264 891 3340 201).
927 3263 1038 3327 Potest
1052 3261 1139 3327 enim
1154 3259 1236 3326 illud

1 3405 2 3446 ,
82 3360 291 3446 τερετίζοντα
312 3383 369 3430 suo
391 3365 460 3430 iure
483 3363 526 3430 ad
548 3363 691 3430 citharae
714 3368 840 3428 oanmm
861 3363 1164 3448 praelusionemque
1186 3382 1236 3430 re·

75 3465 161 3532 ferri
176 3465 228 3543 (cf.
240 3465 439 3549 Theognosti
455 3485 524 3532 can.
540 3485 572 3550 p.
584 3466 632 3547 12,
644 3467 680 3528 11
698 3460 868 3549 τερετίζω·
890 3461 929 3530 τὸ
946 3462 1127 3550 κιθαρίζω;
1150 3467 1235 3531 Plut.

84 3567 126 3634 de
148 3567 223 3634 aud.
241 3571 290 3632 15.
320 3567 402 3633 Plat.
419 3573 541 3651 quaest.
560 3570 609 3650 10,
627 3568 662 3650 2;
690 3565 767 3632 Luc.
791 3564 833 3632 de
854 3568 993 3635 merced.
1015 3568 1108 3635 cond.
1131 3587 1157 3633 o.
1172 3568 1234 3648 33),

173 3737 196 3795 l)
215 3731 431 3787 commemorare
444 3731 488 3786 hic
501 3731 584 3787 erat
596 3732 682 3787 Ulixis
695 3748 757 3787 cum
768 3731 932 3804 Polyphemo
946 3732 1135 3789 commercium
1151 3730 1237 3785 fuisse

76 3817 166 3872 etiam
189 3817 261 3871 inter
287 3816 581 3871 declamationum
604 3816 867 3874 rhetoricarum
893 3823 1052 3887 argumenta
1076 3815 1110 3870 cf.
1132 3813 1234 3868 Libum.

84 3908 153 3957 orat.
164 3901 204 3956 IV
211 3917 242 3972 p.
255 3905 319 3956 1028
327 3916 383 3970 sqq.
398 3900 441 3955 ad.
451 3899 559 3969 Reisk.;
578 3901 696 3957 Demetr.
707 3904 740 3958 de
749 3904 848 3958 elocut.
861 3908 923 3970 1153
942 3903 1005 3958 uide
1023 3901 1104 3956 etism
1117 3899 1233 3954 Luciam
1347 3913 1362 3952 ο

82 3985 148 4041 dial.
157 3976 270 4041 marssII.
