2998 4674
465 247 507 302 De
524 247 689 317 Polyphemo
707 252 734 301 et
751 248 874 304 Galatea.
1180 251 1241 308 255

93 409 352 484 stolidissimum’
378 418 511 504 dignum
528 419 658 503 iudioet,
682 422 734 486 oui
755 422 840 488 mala
862 423 1063 506 imprecetur.
1101 423 1160 489 (lui
1183 426 1241 489 im·
1308 465 1313 478 ι

15 571 16 594 2
91 521 282 603 portunitati
306 521 479 604 respondet
501 523 619 588 ameris
641 523 853 606 intemperata
873 523 991 607 libido,
1020 544 1101 607 quae
1131 527 1241 608 ingen·

15 623 16 646 ³
91 629 159 686 tem
182 623 287 687 uirum
310 624 437 689 insolito
451 623 567 690 ardere
582 625 735 708 corripuit
756 625 796 690 el.
814 628 941 710 lbleq,
965 626 999 691 id
1018 627 1104 710 quod
1126 629 1241 711 grandi

91 724 305 790 similitudine
326 725 464 790 illustrat
485 732 583 810 poeta
604 747 656 792 uu.
673 729 735 790 867
743 745 828 810 sqq.:

246 847 321 893 uror
342 828 445 911 enim,
467 828 638 912 laesusque
661 834 828 896 exaestuat
849 830 955 896 aerius
977 831 1076 913 ignis,

249 949 385 1012 eumque
406 931 471 997 suis
493 930 606 996 uideor
628 931 814 996 translatam
836 932 959 999 uiribus
973 932 1112 999 Aetnam

247 1038 378 1114 peotore
400 1032 484 1098 ferre
505 1033 622 1110 me01).

16 1199 17 1202 ,
89 1133 187 1198 Hune
205 1133 303 1199 faeile
324 1132 484 1200 eredimus
506 1133 684 1200 officiorum
706 1155 834 1202 suorum
857 1135 1005 1202 obliuisci
1027 1139 1114 1218 (763)
1136 1159 1241 1223 neque

16 1235 17 1310 ξ
89 1236 246 1318 gregibus
267 1234 420 1302 idoneum
442 1237 597 1302 exsistere
620 1235 734 1302 ducem
752 1239 848 1314 (781).
883 1235 967 1314 Quin
991 1239 1087 1306 etiam
1109 1241 1241 1308 deuenit

17 1387 18 1398 ,
89 1338 133 1403 ad
150 1357 263 1421 preoes
282 1344 314 1404 et
328 1341 565 1405 miserationem
587 1337 687 1404 debili
709 1359 788 1405 uooe
810 1339 1022 1405 inuocandam
1044 1343 1240 1411 intolerabili

16 1435 20 1501 ζ
89 1460 246 1506 aerumna
259 1448 395 1508 uexatus
409 1443 561 1524 (855sq.),
586 1461 648 1524 quo
664 1439 874 1506 Theoeriteus
896 1460 959 1506 non
981 1442 1157 1510 deseendit.
1196 1447 1240 1512 Ut

16 1549 17 1574 ³
88 1542 245 1609 libidines
267 1547 409 1628 monstri,
432 1546 479 1610 ita
499 1549 594 1609 aneta
615 1543 774 1627 superbia.
813 1542 970 1626 Exposita
991 1547 1077 1611 enim
1098 1547 1239 1632 deserip·

88 1648 178 1710 tione
207 1645 477 1730 pulchritudinem
505 1645 702 1728 uirtutesque
732 1665 806 1712 suas
840 1643 1004 1712 eollaudat
1037 1654 1069 1713 et
1101 1655 1238 1714 taetrum

88 1754 259 1830 aspectum
276 1769 334 1832 pro
357 1750 444 1814 uirili
466 1747 612 1814 uenditat
634 1749 784 1831 840sqq,
808 1766 904 1829 quam
927 1746 970 1813 ad
992 1752 1237 1817 ostentationem

16 1865 17 1869 ’
88 1850 179 1934 apud
202 1849 407 1916 'Pheooritum
429 1850 584 1934 (lyolops,
614 1851 718 1933 qualis
749 1848 879 1933 quidem
907 1849 1023 1933 idyllio
1045 1852 1093 1916 XI
1121 1875 1238 1939 propo-

88 1953 186 2035 nitur,
208 1971 272 2016 non
288 1953 438 2036 confugit.
475 1953 571 2018 Noua
584 1971 660 2018 uere
683 1953 804 2018 lumina
825 1952 901 2018 huie
923 1955 1056 2036 imagini
1078 1955 1240 2040 adspersit

16 2063 17 2070 ’
88 2055 292 2138 zelotypia
306 2054 508 2139 Polyphemi,
531 2076 603 2121 oum
616 2060 814 2138 oompertum
830 2053 948 2120 habeat
963 2055 1119 2122 Galateae
1134 2060 1237 2140 magis

88 2177 188 2239 quam
211 2157 316 2241 ipsum
339 2157 427 2223 oordi
451 2178 521 2224 esse
543 2162 704 2241 pastorem
718 2157 837 2222 Aoim.
877 2157 1134 2224 Consentaneum
1156 2159 1239 2225 hane

88 2260 339 2325 aemulationem
362 2261 507 2326 stimulos
529 2260 650 2325 addere
672 2259 773 2323 amori
795 2279 854 2343 per
876 2278 910 2324 se
932 2260 1157 2326 ardentissimo
1182 2282 1237 2328 ne-

89 2382 154 2444 que
178 2383 216 2427 eo
238 2363 347 2428 ualere
369 2364 403 2426 in
424 2361 553 2428 homine
576 2362 701 2443 natiuo,
731 2366 766 2425 ut
787 2365 927 2426 amatam
950 2369 1151 2447 aspernetur,
1180 2365 1239 2430 sed

90 2471 125 2529 ut
152 2462 434 2546 flagrantissimum
464 2463 572 2528 odium
600 2464 633 2526 in
661 2462 823 2528 aemulum
849 2463 989 2528 eonioiat
1020 2462 1082 2529 hoe
1110 2467 1237 2532 sublate

13 2600 17 2609 -
89 2567 235 2632 fauorem
248 2585 293 2631 'se
314 2564 504 2651 adepturum
527 2571 623 2632 ratus.

13 2649 14 2688 ³
176 2667 293 2733 Pauois
308 2669 475 2752 eompleoti
490 2668 570 2733 libet
584 2674 698 2752 typum
712 2667 906 2752 Polyphemi
921 2667 1125 2736 Ouidianum.
1156 2672 1237 2737 (lon-

89 2773 171 2837 tinet
184 2790 295 2836 omnes
317 2771 385 2836 fere
406 2771 530 2837 colores
551 2770 593 2837 ab
607 2769 850 2836 Alexandrinae
871 2772 987 2836 aetatis
1009 2771 1184 2838 artificibus
1207 2774 1238 2837 ei

13 2933 14 2936 ,
89 2875 253 2958 appletos,
282 2871 341 2938 sed
362 2873 396 2937 in
419 2874 522 2938 maius
546 2879 657 2939 auotoe
680 2880 713 2938 et
733 2872 962 2956 amplificatos,
991 2881 1026 2938 ut
1047 2873 1134 2939 illius
1162 2874 1237 2938 aeui
1302 2925 1306 2933 .

13 3013 14 3040 t
90 2981 240 3043 aoeurata
256 2975 422 3069 ¹subtilitas
448 2974 595 3040 nonnihil
624 2976 798 3042 euanuerit.
840 2975 988 3057 Mitigata
1009 2981 1117 3040 autem
1139 2981 1236 3057 atque

90 3077 232 3144 delenita
254 3077 406 3160 Cyclopis
428 3082 556 3160 natura,
587 3097 683 3161 quam
709 3097 832 3144 summo
858 3075 965 3166 studio
988 3076 1114 3141 eaelare
1143 3082 1175 3142 et
1203 3079 1236 3141 in

90 3180 231 3246 medium
253 3198 433 3263 proponere
455 3180 578 3262 plaouit
598 3180 756 3262 imprimis
777 3177 941 3258 bueeliois,
967 3197 1030 3243 non
1053 3178 1149 3245 modo
1172 3199 1236 3244 non

12 3335 13 3344 ι
90 3284 240 3367 sentitur,
266 3280 325 3347 sed
346 3301 477 3348 reuersa
497 3282 658 3348 inuenitur
678 3299 808 3363 prorsus
829 3279 897 3344 fere
919 3280 952 3342 in
974 3278 1105 3345 Homeri
1128 3281 1236 3346 formi-

12 3387 13 3478 ᾗ
90 3385 236 3451 dulesam
269 3385 421 3467 speeiem.
472 3382 610 3449 Omnino
639 3380 774 3448 Ouidius
806 3381 933 3464 singula
965 3382 1162 3448 lineamenta
1193 3384 1235 3450 ab

89 3485 319 3552 Alexandrinis
334 3492 495 3552 mutuatus
509 3491 610 3551 totum
625 3486 765 3551 colorem
780 3482 1019 3550 Alexandrinae
1041 3485 1119 3551 artis
1142 3486 1235 3570 spiri·

89 3595 221 3673 tumque
242 3590 349 3674 operis
371 3589 488 3654 musiui
508 3607 571 3654 non
593 3586 721 3653 uidetur
745 3592 911 3653 asseoutus
942 3607 1023 3654 esse.
1066 3588 1236 3654 Horrenda

90 3699 196 3758 autem
218 3691 320 3775 figura
341 3690 534 3775 Polyphemi
557 3691 677 3776 optime
699 3690 906 3774 intellegitur,
932 3691 959 3757 si
982 3689 1144 3772 quomedo
1166 3688 1235 3754 affi-

91 3796 214 3860 ciantur
229 3795 332 3860 cernis
347 3794 403 3876 qui
418 3814 518 3880 prope
539 3815 611 3860 eum
632 3799 807 3860 uersantur.
845 3793 889 3858 Ut
903 3792 1088 3860 Ithaeenses
1109 3789 1233 3875 pallido

157 4018 183 4079 1)
194 4011 293 4066 Catull.
303 4011 451 4076 mxumo,
461 4015 506 4065 13:
524 4025 585 4064 enm
596 4013 703 4065 tantum
714 4012 836 4066 arderem
848 4014 978 4079 quantum
988 4010 1131 4064 Trinacria
1142 4025 1232 4080 rupes.
