2998 4674
304 249 366 307 272
665 247 796 316 Georgius
814 247 949 302 Ricardus
966 246 1084 302 Hollund

303 423 492 505 relinquitur
513 423 669 506 spatium,
698 442 761 504 quo
784 423 959 488 innotuisse
981 426 1088 503 potest
1115 421 1243 504 poetica
1273 421 1380 486 forma
1407 422 1449 484 in-

303 525 397 592 dutus
419 523 531 590 Acidis
561 523 699 609 mythns.
743 524 814 590 Hoc
841 544 918 590 uero
946 543 1006 607 pro
1035 529 1121 588 certo
1150 523 1315 588 affirmare
1344 522 1451 587 licebit

301 626 522 694 Alexandrina
549 628 687 710 primum
715 627 831 693 incude
853 627 1005 692 fabellam
1027 625 1193 692 formatam
1215 632 1248 691 et
1271 625 1316 690 ab
1340 623 1450 690 codem

301 731 392 796 fabro
421 728 658 812 Alexandrino,
685 730 742 794 11111
770 750 791 795 1
819 729 935 812 Bione,
965 729 999 793 in
1021 726 1132 794 Ouidii
1160 727 1325 795 officinam
1353 734 1449 792 trans·

300 833 399 899 latam
421 852 502 898 esse.

385 936 595 1000 Reuertemur
620 925 718 1016 igitur
739 932 783 1000 ad
804 935 1083 1018 inuestigationem
1106 932 1147 998 de
1170 931 1283 999 Cuidii
1313 930 1448 996 fontibus

301 1037 493 1119 institutam,
517 1055 613 1117 quam
635 1054 673 1100 eo
696 1055 797 1119 nsque
818 1055 1085 1120 prouexeramus,
1114 1041 1149 1100 ut
1170 1035 1339 1101 Nasonem
1362 1052 1448 1117 prae-

301 1146 350 1205 ter
363 1137 571 1203 Theocritum
592 1139 726 1203 alterum
748 1145 911 1232 auctorem
934 1137 1187 1204 Alexandrinum
1210 1143 1359 1204 secutum
1382 1155 1446 1200 esse

301 1242 542 1326 suspicaremur.
580 1237 671 1316 Quae
689 1241 829 1324 suspicio
843 1262 928 1307 nunc
942 1246 1029 1306 certa
1050 1239 1186 1324 reddita,
1209 1240 1365 1323 quoniam
1379 1238 1446 1302 Aci-

301 1342 351 1409 dis
366 1343 507 1410 fabulam
520 1349 618 1426 poeta
628 1343 791 1410 Romanus
804 1351 968 1428 acceptam
984 1346 1081 1411 refert
1094 1343 1183 1410 haud
1198 1343 1299 1409 dubie
1310 1341 1445 1408 Alexan·
1470 1383 1471 1408 1

219 1522 221 1526 ,
301 1445 393 1511 drino
415 1452 541 1528 poetae,
564 1447 619 1527 qui
633 1467 698 1512 non
712 1453 839 1529 poterat
857 1467 922 1513 non
937 1449 1088 1530 persequi
1102 1445 1300 1530 Polyphemi
1323 1459 1445 1526 quoque
1470 1443 1471 1478 ³

300 1554 332 1613 et
344 1546 500 1613 Calateae
511 1567 651 1615 amores:
669 1549 696 1614 si
711 1548 759 1614 fas
775 1556 861 1616 esset
875 1547 1037 1632 hariolari,
1051 1556 1181 1634 poetam
1196 1549 1290 1613 illum
1305 1543 1443 1630 appella·
1470 1545 1471 1568 ³

299 1669 406 1716 remus
428 1649 735 1734 Callimachum,
765 1671 837 1717 cum
860 1669 932 1717 eum
954 1652 1057 1718 solum
1082 1653 1164 1717 inter
1186 1647 1355 1716 Theocriti
1377 1646 1443 1709 Bio-
1470 1645 1471 1656 ’

299 1753 414 1834 nisque
435 1757 575 1817 aetatem
597 1751 673 1818 huic
693 1754 846 1819 materiae
868 1753 1009 1820 studium
1030 1773 1167 1820 nauasse
1186 1750 1441 1818 concluserimus.
1470 1829 1471 1832 Ἴ

299 1855 368 1920 1111
382 1856 493 1938 pigeat
507 1853 583 1920 huic
601 1855 778 1921 sententiae
799 1857 966 1938 paululum
986 1857 1159 1921 immorari.
1196 1854 1371 1920 Neminem
1392 1849 1440 1914 ob-

300 1976 425 2024 scuram
446 1957 542 2021 istam
563 1955 604 2022 de
625 1955 728 2022 Acide
750 1957 892 2023 fabulam
914 1960 1042 2042 poetica
1063 1964 1132 2024 arte
1155 1957 1247 2041 quasi
1278 1955 1439 2036 euulgasse

299 2059 424 2125 facilius
440 2057 641 2126 crederemus
656 2079 752 2141 quam
767 2058 897 2125 doctum
912 2058 1111 2144 Cyrenaeum
1134 2059 1379 2143 grammaticum
1398 2054 1438 2116 in-

300 2164 527 2246 uestigatorem
557 2168 702 2246 poetam,
736 2163 791 2244 qui
821 2163 896 2227 trita
924 2181 1073 2246 spernere
1102 2162 1227 2228 solebat
1259 2160 1438 2244 argumenta

299 2264 480 2329 1111293.
520 2264 729 2330 Commendat
751 2269 858 2329 autem
880 2262 942 2330 hoc
963 2284 1028 2330 non
1050 2265 1153 2329 solum
1177 2263 1365 2342 obscuritas,
1385 2253 1436 2321 sed

299 2367 395 2432 etiam
410 2367 543 2450 propria
557 2365 683 2432 indoles
697 2367 835 2450 fabulae,
859 2387 956 2450 quam
971 2385 1128 2433 conexam
1148 2365 1247 2431 fuisse
1265 2386 1338 2432 cum
1351 2361 1434 2426 mira·

296 2469 355 2534 bili
384 2470 493 2551 aliquo
522 2488 601 2534 saxo
631 2488 735 2552 neque
763 2476 872 2536 notam
900 2469 962 2536 nisi
991 2470 1118 2552 angusti
1147 2469 1300 2535 circuitus
1333 2461 1436 2531 incolis

297 2577 393 2636 antea
415 2571 672 2638 coniectauimus.
718 2571 778 2636 Cui
799 2578 906 2638 autem
933 2572 1035 2654 magis
1064 2572 1212 2637 conuenit
1239 2572 1316 2636 talis
1342 2561 1435 2648 mythi

298 2674 454 2757 originem
478 2677 509 2738 et
532 2693 660 2739 causam
683 2693 724 2738 ex
746 2675 869 2740 incerta
890 2674 979 2756 uulgi
1002 2673 1089 2738 fama
1110 2679 1240 2757 captare
1270 2680 1303 2738 et
1331 2665 1435 2734 litteris

298 2775 450 2842 mandare
467 2795 563 2858 quam
577 2774 744 2841 detiorum
762 2775 934 2862 scriptori?
961 2777 1151 2858 praesertim
1173 2796 1245 2841 cum
1268 2774 1358 2840 illum
1379 2785 1435 2833 non
1470 2819 1471 2828 .

296 2877 533 2958 modoSiculas
553 2896 680 2960 quoque
703 2877 827 2944 fabulas
849 2877 995 2961 attigisse
1018 2877 1056 2943 11.
1073 2878 1109 2942 11.
1126 2879 1176 2941 25.
1194 2878 1266 2941 382.
1285 2869 1434 2942 361211.
1470 2897 1471 2918 .

298 2985 359 3047 346
374 2982 426 3066 al,
450 2979 509 3048 sed
524 2981 620 3046 etiam
634 2980 776 3064 pedestri
800 2982 944 3047 oratione
967 2981 1133 3065 scripsisse
1157 2978 1313 3046 eSuidae
1334 2970 1434 3041 tabula

297 3091 421 3152 constet
441 3082 521 3170 περὶ
542 3083 609 3148 τῶν
632 3079 666 3148 ἓν
688 3080 860 3169 οἰκουμένῃ
883 3083 1046 3165 ποταμῶν
1075 3087 1107 3148 11
1133 3081 1300 3165 περὶτῶν
1323 3076 1356 3143 ἐν
1377 3063 1433 3137 Εὗ-

297 3185 393 3274 ρώπῃ
416 3185 579 3268 ποταμῶν
601 3187 736 3255 fortasse
758 3186 808 3254 his
831 3206 866 3254 se
888 3186 1007 3252 libellis
1029 3192 1276 3270 praeparantem
1291 3182 1333 3250 ad
1348 3179 1432 3245 docta

215 3343 217 3350 .
296 3295 455 3374 poemata.
489 3287 562 3366 Qua
583 3310 655 3356 cum
676 3290 920 3356 ratiocinatione
942 3288 1081 3354 concinit
1102 3286 1189 3369 quod
1211 3279 1430 3352 Callimachum

298 3394 452 3476 epyllium
476 3392 631 3458 Calateae
653 3395 745 3458 titulo
768 3392 973 3476 insigninisse
996 3390 1130 3474 11111111,
1161 3409 1224 3471 quo
1253 3390 1321 3454 solo
1349 3378 1430 3447 titulo

298 3499 330 3558 et
345 3493 537 3578 Polyphemi
559 3485 716 3561 1111111111
739 3514 864 3560 amores
886 3490 1158 3576 comprehendere
1180 3491 1307 3564 licebat.
1344 3479 1428 3550 Deni-

297 3615 359 3678 que
375 3596 402 3661 si
417 3603 600 3678 reputamus
615 3593 679 3662 n'on
695 3598 763 3662 sine
779 3597 888 3678 aliqua
904 3595 1131 3681 probabilitate
1153 3592 1197 3660 ad
1212 3585 1429 3658 Callimachum

296 3698 408 3764 referri
436 3698 553 3762 multos
583 3699 728 3786 colores2
754 3698 869 3779 quibus
897 3697 1032 3764 Cnidius
1061 3697 1222 3764 exornarit
1251 3680 1428 3777 Polyphemi

296 3799 431 3885 figuram
446 3804 574 3884 praeter
588 3799 806 3882 111111111111,
829 3819 892 3865 non
907 3801 1108 3866 temerarium
1129 3798 1256 3864 uidetur
1278 3794 1426 3874 indagare,

297 3924 372 3969 num
393 3924 458 3986 qua
475 3923 517 3970 111
536 3901 678 3968 frustulis
694 3900 987 3968 Callimacheisuel
1003 3903 1108 3984 exiis,
1131 3921 1214 3984 quae
1236 3901 1303 3966 sine
1324 3894 1425 3980 poetae

296 4007 426 4071 nomine
447 4025 507 4088 per
527 4007 681 4073 lectorum
705 4025 840 4090 corpora
861 4006 1053 4088 conglobata
1082 4009 1253 4087 uagantur,
1282 4018 1350 4067 cum
1375 3986 1424 4056 ali·
