2998 4674
251 235 313 294 260
381 247 393 274 0
613 233 745 300 Georgius
764 231 898 286 Ricardus
915 231 1033 285 Holland

251 410 501 494 increpationem
517 410 570 486 (67
578 411 671 493 sqq),
694 407 881 492 patientiam
896 407 1013 472 amoris
1030 426 1128 472 causa
1149 406 1199 483 (51
1210 407 1306 489 sqq),
1330 425 1402 470 can·

250 520 301 578 tus
324 511 512 593 fistulaeque
534 511 739 576 iactationem
762 512 815 586 (38
824 512 916 593 sqq).
1006 563 1009 570 .

336 614 404 678 Iam
426 633 502 678 uero
526 620 560 678 ut
581 634 640 697 par
669 618 717 679 cst
745 613 870 678 aemulo
900 610 1029 677 inducto
1057 615 1196 676 mutatus
1226 616 1277 674 est
1306 614 1403 692 typus

251 717 458 783 Galateae.
492 713 583 792 Quae
599 736 671 782 cum
687 735 779 781 omne
795 714 935 781 studium
949 713 1093 797 posuerit
1107 710 1265 777 inAcidis
1280 730 1402 794 amore,

250 819 442 903 Cyclopem,
472 819 527 899 qui
549 818 705 883 obtrectat
727 816 801 883 huic
822 815 962 900 foederi,
991 835 1054 881 non
1076 820 1183 899 potest
1203 834 1269 880 non
1293 813 1403 880 odisse

251 923 290 988 el.
308 921 367 989 Ou.
381 923 519 1003 756sqq.
536 940 607 986 cum
622 940 743 1004 pauore
759 921 827 986 cius
843 919 1037 986 mentionem
1051 918 1173 984 faciens
1188 917 1228 983 cl.
1242 919 1320 981 772-
1331 919 1403 981 780.

253 1027 313 1088 873
337 1030 369 1088 ct
389 1023 559 1107 perterrita
582 1023 703 1106 impetu
727 1023 796 1088 eius
819 1023 853 1086 in
873 1020 968 1088 undis
990 1021 1125 1087 salntem
1147 1026 1261 1104 petens
1284 1041 1317 1086 u.
1331 1023 1403 1084 878.

251 1125 407 1190 Lacrimis
437 1125 556 1190 obortis
585 1123 714 1207 Scyllae
741 1128 850 1190 narrat
878 1123 938 1188 feri
961 1121 1112 1207 Cyclopis
1142 1123 1207 1187 uim
1236 1123 1404 1205 letumque

252 1247 325 1292 caro
354 1225 554 1292 adulescenti
582 1231 728 1309 paratum
758 1225 797 1292 cf.
819 1228 880 1289 744
892 1244 939 1308 sq.
984 1225 1085 1290 Verus
1113 1224 1211 1307 igitur
1239 1246 1333 1291 amor
1362 1246 1405 1291 cx

250 1330 407 1412 petulanti
422 1329 541 1412 puella,
564 1349 646 1410 quac
662 1326 813 1394 stolidum
829 1327 970 1410 Neptuni
992 1325 1094 1390 filium
1116 1326 1256 1393 ludibrio
1281 1327 1405 1394 habere

251 1433 384 1516 solebat,
408 1429 531 1496 effinxit
549 1450 700 1517 sponsam
723 1430 764 1496 de
786 1430 938 1496 amatoris
961 1435 1046 1495 sorte
1069 1429 1241 1495 sollicitam
1264 1431 1404 1496 obitum-

251 1555 314 1618 que
329 1536 398 1600 eius
414 1534 576 1599 exanimo
598 1535 770 1618 lugentem.
808 1534 867 1600 His
891 1553 932 1598 ex
953 1533 1095 1598 moribus
1117 1531 1282 1615 nymphae
1305 1533 1407 1598 simul

251 1638 456 1721 intellegitur,
480 1643 592 1702 eurut
613 1636 752 1721 Cyclops
775 1637 953 1702 saeuiorem
974 1632 1123 1701 indueret
1144 1635 1296 1718 animum,
1324 1637 1405 1702 artis

252 1739 401 1824 poeticae
423 1739 505 1804 ratio
528 1739 705 1822 postularit

336 1840 449 1904 Totius
464 1838 584 1904 huius
575 1841 725 1924 imaginis
744 1843 867 1908 colores
890 1841 1006 1922 quibus
1029 1859 1070 1904 ex
1091 1839 1231 1905 fontibus
1253 1807 1404 1923 deprom-

252 1943 352 2027 pserit
374 1940 509 2007 Ouidius
533 1944 751 2024 quaestionem
773 1943 966 2026 subiungere
993 1942 1115 2026 placet,
1144 1943 1333 2026 priusquam
1361 1943 1418 2015 dc,

191 2104 199 2119 ,
251 2043 354 2111 Acide
382 2045 558 2126 loquamur.
608 2043 796 2111 Accuratius
825 2065 902 2111 uero
932 2043 1027 2110 huius
1054 2045 1256 2128 potissimum
1285 2051 1404 2128 poetae

253 2155 398 2214 auctores
427 2147 574 2230 indagari
602 2153 773 2231 propterea
801 2148 915 2213 summi
942 2148 1094 2213 momenti
1123 2145 1285 2232 ducimus,
1314 2149 1402 2230 quod

253 2249 475 2315 difficillimam
492 2249 533 2314 de
549 2248 658 2316 Ouidii
673 2249 974 2334 metamorphoseon
988 2250 1128 2315 fontibus
1144 2249 1399 2333 disquisitionem

252 2351 296 2416 ad
318 2352 435 2417 bonam
457 2352 582 2435 frugem
604 2350 722 2418 adduci
744 2373 808 2419 non
833 2372 928 2437 posse
957 2352 1050 2418 nobis
1077 2353 1310 2437 persuasimus,
1339 2355 1401 2419 nisi
1496 2363 1497 2368 ’

253 2454 450 2535 singularum
476 2453 693 2518 narrationum
722 2455 921 2538 exemplaria
948 2475 1045 2537 quam
1072 2454 1319 2538 diligentissime
1347 2476 1402 2522 ex-

254 2554 379 2636 plorata
406 2555 477 2620 sint.
522 2555 610 2633 Quos
638 2554 788 2623 flosculos
817 2577 859 2622 ex
890 2555 1055 2622 Theocriti
1084 2556 1175 2622 horto
1205 2555 1405 2643 decerpserit

253 2656 350 2738 Naso,
374 2677 455 2738 quos
470 2658 650 2742 spreuerit
641 2679 706 2723 ram
720 2678 817 2742 supra
838 2660 995 2724 monitum
1016 2664 1138 2725 est.-
1096 2660 1404 2726 -Homericae

253 2780 330 2826 uero
346 2760 483 2843 uestigia
498 2760 685 2825 imitationis
707 2781 771 2827 non
792 2761 897 2828 minus
918 2761 952 2826 in
975 2763 1109 2846 singulis
1132 2763 1227 2829 rebus
1249 2783 1346 2845 quam
1369 2766 1404 2829 in

252 2870 321 2929 tota
342 2862 451 2928 indole
473 2868 586 2946 aperta
607 2869 695 2946 sunt,
724 2862 811 2946 quod
837 2863 1015 2930 luculenter
1036 2871 1171 2949 apparet
1200 2885 1241 2930 ex
1271 2868 1319 2932 rei
1346 2887 1404 2951 pe-

255 2967 382 3032 cuariae
411 2964 558 3050 diligenti
586 2966 700 3032 notitia
729 2986 781 3032 uu.
798 2965 982 3050 827-830,
1013 2985 1109 3049 quam
1141 2966 1238 3034 dehet
1265 2967 1403 3034 Ouidius

253 3069 371 3152 partim
393 3068 485 3136 Hom.
503 3068 618 3153 Odyss.
635 3068 693 3151 IX,
709 3069 895 3153 219-223,
925 3069 981 3134 ubi
1003 3069 1151 3135 similiter
1178 3069 1325 3152 singulae
1347 3088 1403 3152 pe-

254 3171 352 3236 cudes
380 3180 603 3256 segregantur,
632 3173 748 3256 partim
778 3170 922 3239 eiusdem
950 3171 1024 3237 libri
1055 3191 1106 3237 uu.
1123 3172 1316 3255 hee-249,
1347 3172 1403 3237 ubi

254 3293 357 3356 paene
379 3273 423 3338 ad
445 3275 577 3341 uerbum
601 3275 747 3397 congruit
767 3275 918 3340 imitatio:

325 3365 440 3438 αοτίκα
464 3367 536 3438 δ’(
522 3368 648 3461 ήμιοο
670 3375 731 3458 μὲν
753 3379 891 3463 θρέψας
914 3376 1078 3440 λευκοῖο
1099 3372 1303 3460 γάλακτος

320 3474 512 3552 πλεκτοῖς
498 3501 531 3542 εν
553 3469 791 3561 ταλάροισιν
773 3476 985 3566 αμησάμενος
1006 3480 1203 3564 κατέθηκεν,

317 3567 498 3662 ἥμισοό
526 3570 599 3642 κοτ’
625 3574 987 3666 ἐ’στησενέναγγεσιν,
1011 3573 1185 3668 οφραοῖ
1208 3578 1309 3667 ei'q

318 3683 459 3744 πίνειν
482 3677 645 3763 αἰνυμένῳ
668 3685 724 3745 και
747 3679 780 3744 οἱ
802 3680 1076 3768 ποτιδόρπιον’
1051 3681 1112 3769 εἰη.

310 3785 384 3851 lac
405 3780 484 3848 mihi
506 3802 634 3866 semper
655 3783 748 3849 adest
768 3784 939 3849 niueum.
972 3806 1066 3870 pars
1088 3785 1164 3853 inde
1186 3785 1366 3852 bibenda

320 3894 475 3972 seruatur,
497 3892 650 3970 partem
672 3885 847 3968 liquefacta
862 3889 998 3971 coagula
1011 3888 1128 3956 durant
1140 3886 1261 3963 (Wash.
1277 3889 1401 3972 p.13l).

254 3989 323 4054 Nec
337 3991 441 4056 minus
455 3997 531 4077 apte
546 3989 589 4056 ad
604 3989 778 4056 Homerum
794 3991 963 4058 reuocabis
978 3991 1085 4058 baculi
1101 3991 1255 4076 Cyclopei
1277 3992 1401 4073 magni-
