2998 4674
264 239 325 297 248
410 249 417 260 ·
625 237 757 306 Georgius
774 236 909 292 Ricardus
926 237 1044 292 Helland

263 414 375 498 procul
389 412 540 478 habenda
554 412 616 478 erit
637 418 669 476 et
689 431 755 476 uox
776 411 904 491 μᾶλλον
927 412 970 478 ad
992 413 1126 477 uerbum
1147 410 1282 492 aliquod
1304 411 1338 474 in
1360 430 1410 476 se-

263 514 432 598 quentibus
448 514 524 580 olim
539 514 711 596 adnexum,
726 535 810 579 nuno
825 513 1039 598 supplendum
1052 511 1232 595 referenda,
1249 513 1412 596 particula

261 623 368 682 autem
391 616 585 693 disiunctiua
605 609 627 700 ἤ
649 618 682 681 in
704 615 928 682 affirmatiuam
949 599 969 699 ἧ
992 614 1161 696 mutanda,
1191 633 1257 696 qua
1285 615 1410 680 ratione

261 718 343 784 nihil
365 717 551 786 offensionis
572 718 671 784 habet
689 714 877 803 χρύσοφρυς
904 717 1003 801 piscis
1025 716 1132 800 priore
1154 717 1225 782 loco
1247 715 1410 782 laudatus.

262 822 449 905 Cogitamus
463 828 571 887 antem
586 819 869 904 Polyphemumin
885 819 1045 886 cantilena
1065 839 1133 901 sua,
1156 839 1229 884 cum
1251 818 1412 885 donorum

262 943 390 989 suorum
404 924 634 1008 praestantiam
652 921 842 1004 laudauerit,
864 929 987 988 maesta
1007 940 1088 987 uoce
1111 920 1232 988 addere
1254 921 1353 988 haec:
1376 928 1411 987 tu

261 1046 356 1109 uero,
378 1025 531 1109 Galatea,
553 1046 618 1093 non
640 1024 795 1090 moneris:

367 1112 387 1211 ἧ
410 1127 536 1208 μᾶλλον
556 1124 709 1212 χρύσειον
732 1115 788 1188 ἐπ’
816 1116 959 1212 ὀφρύσιν
982 1120 1070 1209 ἱερὸν
1093 1121 1210 1215 ἰχθύν

366 1217 387 1314 ἢ
409 1232 534 1310 πέρκας
556 1219 620 1294 ὅσα
642 1219 673 1293 τ’
701 1221 785 1292 ἄλλα
808 1230 905 1314 φέρει
925 1223 1034 1310 βυθὸς
1058 1221 1205 1303 ἄσπετος
1228 1217 1336 1314 ἅλμης

262 1351 305 1398 so.
329 1330 417 1415 alost
440 1331 471 1396 h.
487 1353 515 1399 ε.
536 1326 691 1417 ‘praefers
714 1330 862 1397 nimirum
883 1335 1028 1396 sanctum
1050 1330 1173 1413 piscem
1196 1320 1264 1396 ete.²

262 1434 461 1518 Sumpsimus
476 1437 509 1501 in
524 1435 586 1502 hoc
600 1435 756 1518 fragmine
769 1430 962 1517 explicando
976 1453 1040 1498 non
1055 1434 1158 1515 magis
1169 1432 1297 1498 felicem
1309 1434 1409 1499 fuisse

262 1537 295 1601 in
309 1557 419 1603 amore
434 1535 687 1604 Callimacheum
701 1535 875 1620 Cyclopem
889 1555 985 1617 quam
1000 1533 1226 1601 Theocriteum
1244 1535 1319 1600 freti
1341 1537 1410 1619 epi·

261 1647 437 1722 grammate
460 1639 517 1705 illo
541 1642 580 1702 47
603 1637 744 1716 (Anthol.
760 1637 829 1702 Pal.
845 1637 919 1720 XII,
934 1639 1018 1720 150),
1040 1638 1130 1702 euius
1152 1657 1193 1702 ex
1216 1635 1409 1702 Schneideri

262 1740 403 1807 editione
425 1740 637 1807 adscribimus
659 1759 770 1806 uersus
793 1745 955 1821 quattuor:

363 1835 417 1919 Ὡς
441 1833 574 1925 ἀγαθὰν
596 1838 805 1927 Πολύφαμος
828 1831 981 1924 ἀνεύρετο
1003 1836 1063 1905 τὰν
1087 1835 1251 1904 ἓπαοιὸὰν

434 1935 631 2028 τῶραμένῳ·
655 1943 710 2007 ναὶ
732 1944 793 2027 γᾶν
817 1934 873 2006 ούκ
896 1934 1033 2028 ἀμαθὴς
1055 1936 1072 2009 ὁ
1097 1939 1257 2026 Κύκλωψ.

368 2044 404 2110 αἱ
426 2049 561 2111 Μοῖσαι
582 2041 640 2111 τὸν
655 2037 786 2129 Ἔρωτα
808 2051 1086 2127 κατισχναίνοντι,
1113 2045 1283 2111 Φίλιππε·

433 2133 453 2234 ἦ
477 2145 623 2222 πανακὲς
644 2144 781 2212 πάντων
800 2146 974 2234 φάρμακον
998 2141 1019 2210 ἆ
1043 2137 1158 2235 σὀφία.

260 2250 469 2317 Memorabile
493 2259 551 2334 est,
574 2251 661 2334 quod
683 2251 857 2318 consimilis
879 2269 958 2316 ansa
980 2249 1107 2316 uidetur
1127 2250 1226 2317 fuisse
1241 2250 1401 2320 Theocriti

261 2351 366 2434 idyllii
388 2352 436 2417 XI
464 2360 497 2419 et
524 2352 618 2420 huius
647 2353 904 2437 epigrammatis:
935 2352 1116 2418 consolatur
1144 2359 1279 2436 uterque
1310 2362 1403 2439 poeta

260 2455 398 2519 amicum
424 2454 466 2520 de
490 2457 628 2522 infausto
652 2475 763 2521 amore
785 2462 818 2521 et
838 2452 1014 2520 remedium
1042 2455 1072 2519 ei
1101 2456 1304 2522 commendat
1335 2479 1403 2524 can-

261 2563 328 2621 tum
343 2556 535 2641 Polyphemi
557 2577 633 2624 usus
656 2559 816 2641 exemplo,
838 2558 894 2623 ille
911 2556 1036 2648 Niciae,
1059 2555 1211 2643 Philippo
1234 2558 1297 2642 hic,
1322 2560 1405 2625 unde

261 2658 477 2741 cognoscitur,
501 2679 597 2742 quam
619 2660 693 2724 trita
715 2659 779 2724 illis
802 2659 999 2742 temporibus
1021 2660 1117 2726 luerit
1139 2661 1181 2726 de
1202 2661 1404 2746 Polyphemo

259 2762 362 2828 amori
378 2760 522 2827 canendo
537 2761 686 2826 medente
708 2760 836 2825 fabella.
874 2760 1088 2828 Probabiliter
1110 2764 1208 2846 igitur
1230 2771 1405 2832 statuemus

260 2863 375 2932 eodem
397 2864 465 2929 iere
486 2861 582 2929 modo
605 2882 668 2945 quo
690 2860 897 2928 Theocritum
919 2862 1090 2930 Battiaden
1116 2866 1322 2950 expediuisse
1345 2867 1404 2950 Gy-

260 2969 362 3051 clopie
384 2963 650 3047 sollicitudinem,
681 2983 875 3047 quamquam
900 2966 954 3030 uel
976 2985 1017 3030 ex
1038 2967 1155 3033 misero
1183 2968 1240 3034 illo
1269 2969 1404 3035 frustulo

259 3069 410 3135 carminis
425 3066 562 3134 eruditio
578 3073 694 3151 poetae
710 3068 824 3150 elucet,
847 3086 919 3133 oum
934 3067 1019 3133 dona
1040 3070 1097 3134 illa
1119 3089 1140 3134 a
1154 3069 1291 3137 Galatea
1314 3093 1404 3155 prae·

259 3171 473 3238 latamediae
496 3168 682 3235 comoediae
704 3190 826 3236 memor
848 3171 1091 3252 enumerauerit,
1114 3172 1169 3237 ubi
1192 3175 1225 3239 in
1246 3174 1403 3258 Antipha-

259 3275 309 3339 nis
330 3273 473 3357 Cyclope
492 3273 649 3339 Nereides
672 3273 751 3338 talia
772 3274 813 3339 ab
836 3279 978 3340 amatore
1000 3275 1187 3358 poposcisse
1209 3277 1403 3342 coniecimns

260 3375 299 3440 cf.
315 3375 352 3438 fr.
368 3374 393 3439 Ι.
429 3375 478 3441 Ae
498 3375 607 3442 nescio
629 3397 671 3440 an
693 3375 806 3442 doctus
827 3383 925 3460 poeta
945 3376 1054 3442 uerbis
1077 3375 1132 3440 ναὶ
1153 3377 1213 3460 γᾶν
1236 3368 1294 3440 οὐκ
1317 3371 1403 3460 ἆμα-

259 3471 327 3559 θὴς
348 3468 365 3538 ὁ
389 3471 537 3556 Κύκλωψ
565 3496 674 3542 eorum
702 3477 743 3543 de
766 3477 967 3563 Polyphemo
995 3477 1115 3546 iudicio
1143 3484 1225 3546 tecte
1254 3479 1401 3547 aduerse·

260 3584 326 3660 tur,
356 3577 410 3658 qui
433 3576 478 3640 nil
499 3578 562 3643 nisi
582 3578 708 3644 brutum
729 3585 904 3646 monstrum
927 3578 1101 3662 ducebant,
1128 3581 1209 3646 inter
1231 3601 1313 3663 quos
1336 3591 1403 3649 erat

259 3677 431 3762 Euripides
454 3676 493 3742 cf.
509 3676 597 3760 Cyol.
614 3699 643 3744 u.
658 3682 728 3744 173.
746 3682 816 3744 493.
849 3681 932 3747 Vide
953 3682 1048 3748 Dion.
1065 3682 1281 3766 Ohrysostom.
1299 3705 1344 3750 or.
1360 3685 1401 3752 ad

258 3781 434 3849 Alexandr.
456 3780 608 3856 (XXXII)
629 3782 645 3846 Ι
666 3801 698 3864 p.
712 3784 783 3864 432,
797 3785 836 3844 29
845 3801 914 3864 sqq.
932 3783 985 3847 D.:
1019 3784 1146 3866 μᾶλλον
1174 3775 1207 3847 δ’
1234 3783 1316 3862 ἴσως
1345 3779 1399 3866 ούχ

256 3878 415 3968 Ἡρακλεῖ
436 3885 632 3968 προσέοικεν
657 3875 749 3963 ὑμῶν
777 3875 795 3946 o‘
823 3880 941 3967 δῆμος,
973 3875 1058 3950 ἀλλὰ
1080 3885 1257 3972 Κενταύρῳ
1285 3891 1352 3954 τινὶ
1379 3877 1398 3972 ἢ

259 3983 455 4052 Κύκλωπι
482 3981 698 4050 πεπωκότι
725 3985 790 4050 καὶ
820 3981 983 4070 ἐρῶντι,
1013 3985 1050 4053 τὸ
1074 3987 1134 4070 μὲν
1158 3991 1255 4071 σῶμα
1279 3987 1398 4076 ἰσχοριιῖ
