2998 4674
296 243 359 301 234
658 244 790 312 Georgius
807 244 941 299 Ricardus
959 244 1077 300 Holland

296 423 432 484 tatorem
454 417 648 500 Romanum,
678 439 750 484 eum
772 419 898 484 Telemi
920 419 1002 484 uatis
1025 418 1097 502 ipsa
1119 420 1217 485 uerba
1237 421 1425 485 reticeantur.

295 519 418 597 Quibus
439 521 649 603 praemunitis
671 522 841 588 transimus
863 521 906 587 ad
928 521 1030 603 ipsam
1053 521 1246 605 Polyphemi
1268 522 1426 603 imaginem

295 621 530 687 delineandam.

380 725 513 794 Habitat
534 724 752 810 Polyphemus
775 727 808 790 in
830 725 958 808 Sicilia,
980 732 1144 808 pastorum
1167 726 1243 792 sede
1266 727 1373 806 beata,
1394 724 1426 788 cl.

295 827 353 910 XI,
370 831 398 891 7.
416 831 466 890 47.
489 826 543 908 VI,
560 829 600 890 33
622 827 811 894 adulescens
834 829 950 912 opilio,
978 829 1029 893 cui
1049 830 1155 912 prima
1176 830 1294 912 lanugo
1316 845 1426 892 succre-

295 929 370 1009 scit,
399 949 463 994 non
484 928 585 993 barba
606 927 754 1012 horrida,
782 931 924 1014 intonsa,
952 931 1049 1014 longe
1070 932 1229 1014 promissa
1249 931 1362 996 faciem
1381 927 1426 991 de·

294 1032 425 1112 format,
456 1050 538 1112 quae
560 1030 661 1096 facies
681 1033 760 1098 satis
782 1031 880 1099 habet
907 1032 1125 1116 formidolosi,
1154 1055 1227 1099 cum
1255 1052 1313 1117 per
1339 1035 1425 1094 totam

295 1133 430 1198 frontem
444 1133 626 1215 porrigatur
642 1152 738 1197 unum
754 1134 958 1217 supercilium
974 1134 1130 1200 hirsutum
1148 1136 1190 1201 ab
1212 1156 1278 1200 nna
1299 1132 1341 1198 ad
1360 1131 1425 1196 alte-

294 1255 364 1299 ram
378 1253 489 1299 aurem
510 1235 702 1316 continuum,
726 1235 824 1300 simus
846 1233 954 1301 autem
975 1256 1071 1302 nasus
1093 1257 1189 1320 super
1211 1257 1267 1302 ore
1290 1232 1425 1301 consede·

295 1338 337 1401 rit
349 1339 371 1414 ¹)
394 1337 433 1401 cf.
449 1337 507 1419 XI,
523 1338 560 1399 31
572 1356 652 1420 sqq„
676 1343 707 1402 et
728 1337 819 1403 labra
834 1339 948 1423 supina
963 1345 1137 1405 monstrent
1159 1339 1303 1405 dentium
1325 1334 1425 1401 cando-

295 1458 363 1504 rem
377 1439 641 1521 frondentemque
656 1440 759 1506 aciem
782 1439 888 1522 otVI,
902 1443 941 1504 37
950 1461 997 1523 sq.
1028 1441 1153 1507 somus
1168 1449 1276 1508 autem
1292 1441 1425 1522 aspectus

295 1547 430 1625 augetur
445 1562 508 1607 uno
526 1543 583 1608 illo
606 1542 725 1607 lumine
747 1541 873 1608 mediae
894 1542 990 1608 fronti
1012 1544 1164 1625 immisso,
1187 1545 1275 1627 quod
1289 1539 1424 1608 Theocri-

295 1651 362 1710 tum
376 1645 554 1712 Hesiodum
570 1645 688 1726 (theog.
705 1647 776 1722 145)
799 1651 942 1710 secutum
963 1645 1011 1710 illi
1033 1645 1190 1712 indidisse
1211 1647 1313 1730 probe
1330 1647 1425 1708 monet

295 1746 481 1814 Eustathius
503 1769 535 1831 p.
550 1750 641 1829 1392,
658 1749 697 1810 37
707 1767 787 1830 sqq„
811 1768 874 1830 quo
888 1748 1010 1813 lumine
1024 1747 1106 1812 nihil
1122 1754 1170 1814 est
1185 1750 1291 1815 carius
1305 1743 1424 1829 Cyclopi

296 1849 364 1930 (XI,
379 1852 428 1912 53.
445 1850 500 1932 Vl,
513 1853 576 1932 22),
600 1869 662 1931 quo
685 1868 786 1931 usque
808 1849 851 1914 ad
872 1849 968 1914 finem
990 1850 1049 1914 fati
1070 1856 1217 1934 penetrat
1239 1851 1305 1932 (Vl,
1320 1851 1357 1910 22
1365 1851 1423 1926 sn),

296 1951 328 2013 in
357 1970 420 2032 quo
447 1950 694 2034 pulchritudinis
724 1971 881 2016 summam
912 1952 1051 2034 positam
1082 1971 1153 2018 esse
1187 1953 1250 2018 sibi
1282 1947 1423 2035 persuasit
1479 1983 1480 1990 ι

296 2053 361 2136 (VI,
378 2055 417 2116 36
431 2056 499 2136 sci·

379 2158 448 2222 lam
469 2176 546 2222 uero
569 2176 665 2238 quarn
686 2155 822 2221 feliciter
849 2154 923 2221 huic
946 2159 1070 2241 corpori
1093 2157 1246 2243 Cyclopis
1270 2157 1421 2223 etiamtunc
1479 2153 1480 2244 l

295 2261 446 2343 monstri,
470 2259 528 2324 sed
550 2259 683 2325 monstri
705 2259 838 2324 deleniti
861 2278 965 2324 mores
988 2261 1180 2344 temperarit
1200 2267 1299 2345 poeta
1320 2253 1418 2323 buoch·
1479 2247 1480 2336 l

295 2363 365 2427 cus!
410 2361 538 2427 Amoris
566 2362 600 2426 ui
622 2381 738 2445 aspera
765 2361 906 2444 mollita,
935 2362 1058 2428 roboris
1086 2364 1269 2429 immanitas
1298 2361 1418 2434 subacta,

295 2464 435 2528 scenitas
458 2466 486 2528 si
507 2484 571 2530 non
594 2464 734 2544 sublata,
764 2470 798 2528 at
820 2471 905 2529 certe
928 2465 1103 2548 consopita.
1147 2466 1274 2549 Lepido
1302 2485 1340 2530 cx
1358 2475 1421 2524 casu

295 2567 436 2630 nascitur
459 2563 598 2630 flamma.
643 2566 723 2631 Cum
751 2573 852 2631 matre
874 2565 1067 2650 Polyphemi
1090 2566 1220 2633 'l'hoosa
1249 2559 1420 2652 hyacinthos

295 2672 444 2750 carptura
465 2686 538 2731 cum
560 2668 593 2731 in
608 2668 745 2733 Aetnam
767 2669 890 2732 uenerit
911 2667 1057 2751 Galatea,
1081 2670 1166 2734 uiam
1190 2673 1339 2737 monstrat
1358 2664 1420 2728 Act·
1479 2691 1480 2744 j

294 2789 355 2835 nae
378 2769 601 2834 infestissimus
616 2770 729 2834 accola
745 2771 946 2834 occasionem
967 2771 1135 2853 amplexus
1158 2772 1329 2838 sollertiam
1349 2783 1420 2831 com·
1477 2783 1478 2852 j

292 2871 452 2956 probandi
469 2871 538 2954 (XI,
554 2875 594 2935 25
603 2873 695 2954 sqq.).
732 2871 806 2936 Non
828 2870 1039 2936 immoderata
1061 2880 1109 2938 est
1129 2873 1232 2939 libido
1247 2863 1421 2957 Polyphemi
1477 2893 1478 2914 ι

293 2994 397 3057 neque
412 2973 567 3040 effrenata
581 2973 731 3058 cupidine
750 2979 785 3037 ut
804 2974 837 3036 in
856 2973 913 3038 tali
935 2973 1005 3039 uiro
1028 2981 1196 3058 exspectes
1218 2969 1419 3044 tumescent.
1477 2957 1478 3004 ³

294 3077 353 3144 sed
636 3074 792 3157 ’ἔχθιστον
815 3073 896 3157 ἔχων
918 3069 1121 3161 ὖιιοκάρόιον
1144 3076 1236 3154 ἕλκος

332 3177 506 3264 Κύπριδος
522 3175 557 3243 ἐκ
571 3177 725 3264 μεγάλας,
748 3177 786 3244 ao‘
804 3178 837 3244 oi
851 3171 958 3264 ἥπατι
974 3179 1061 3256 erate
1073 3181 1232 3263 βέλεμνον
1249 3172 1419 3263 (x1,15sol

294 3288 404 3349 tenero
427 3283 588 3350 desiderio
611 3283 747 3350 tabescit
775 3285 807 3348 in
835 3283 929 3348 litore
958 3283 1054 3349 maris
1082 3303 1121 3350 ac
1146 3304 1251 3368 paene
1278 3277 1418 3350 flebilibus

382 3506 405 3564 1)
424 3501 465 3554 Cf.
479 3502 562 3554 schol.
577 3501 611 3555 ad
623 3501 670 3566 XI,
681 3504 728 3554 33:
747 3498 824 3567 σιμὸς
836 3498 869 3553 ds'
878 3505 954 3554 ἐστιν
965 3497 980 3555 ὁ
992 3503 1204 3574 συγκαθημεᾈιην
1218 3509 1290 3568 ἔχων
1306 3496 1354 3563 τὴν
1370 3494 1417 3562 poa

293 3592 340 3638 καὶ
356 3580 535 3648 ἀνεστηκότας
551 3585 613 3638 τοὺς
630 3583 775 3653 ῥώθωνας.

381 3675 406 3735 2)
423 3665 522 3739 Ὀρθαὶ
533 3675 630 3737 μανίαι
642 3670 700 3734 (ill,
709 3675 749 3735 11)
761 3687 816 3724 non
828 3675 892 3724 sunt
903 3673 980 3726 furor
990 3673 1184 3742 intemperatus
1196 3689 1246 3727 nec
1257 3666 1329 3726 ‘uera
1337 3659 1418 3720 amoris

294 3751 423 3823 insania'‚
441 3770 521 3824 quam
538 3755 675 3810 notionem
692 3760 802 3807 tuentur
818 3755 879 3808 loco
896 3757 1000 3810 Aelian.
1011 3758 1072 3812 hist.
1084 3759 1163 3812 anim.
1175 3759 1223 3824 XI,
1233 3763 1277 3823 32,
1295 3754 1339 3810 ubi
1355 3741 1417 3802 dubi·

295 3850 369 3898 tatur
387 3842 420 3896 de
437 3840 587 3907 scriptura,
610 3839 658 3894 sed
676 3839 775 3893 amoris
791 3839 868 3893 iuror
885 3846 961 3894 reeta
977 3849 1093 3896 amatam
1109 3859 1222 3912 eamque
1241 3844 1323 3898 solam
1338 3837 1416 3905 petent
1477 3903 1478 3906 Ἰ

294 3926 386 3982 ‘nullis
403 3925 561 3994 amhagibus
580 3924 681 3991 utens’,
699 3930 730 3978 ut
747 3924 900 3979 Meinekins
916 3925 1108 3995 interpretatur
1125 3915 1415 3997 cf.80ph.nntig.119⁵
1477 3923 1478 3930 ’

295 4019 322 4067 et
339 4012 419 4066 Dind.
433 4013 468 4066 ad
479 4011 506 4065 h.
517 4012 534 4066 l.
553 4012 582 4066 in
599 4011 729 4066 Thesaur.
749 4026 770 4065 s.
781 4028 808 4065 u.
818 4007 922 4078 Ὀρθόι,
