3028 4672
292 265 356 326 214
452 311 457 320 .
657 257 790 326 Georgius
808 255 944 312 Ricardus
961 255 1080 312 Hcllcnd

291 435 501 520 reliquiarum
523 449 681 513 reponens
703 425 793 516 ἡμῖν.
833 428 1014 513 Quaeritur,
1037 430 1108 512 quis
1132 430 1277 495 elocutus
1299 429 1342 495 sit
1362 429 1443 512 frag·

293 540 391 605 mina.
431 534 481 599 De
502 532 681 616 posteriore
703 538 850 598 constare
872 530 1000 598 uidetur
1021 550 1086 596 non
1107 536 1174 596 tam
1188 529 1352 598 Eustatbii
1375 533 1443 598 sub

292 641 397 705 lectae
411 635 488 700 fidei
508 633 691 700 testimonio
714 653 811 716 quam
832 634 879 699 rei
901 635 1003 717 ipsius
1025 632 1269 716 perspicuitate:
1294 632 1443 716 Cyclopis

293 745 367 807 sunt
380 737 490 820 uerba,
514 754 610 818 quem
625 734 773 807 uidemus
787 733 973 820 promittere
991 753 1126 817 gregum
1148 752 1277 801 suorum
1300 734 1443 800 subolem

293 839 539 920 uenationisque
562 841 728 920 capturam
750 855 810 903 nec
831 837 937 904 miuus
960 854 1019 901 sex
1047 836 1134 902 casei
1161 852 1297 918 genera,
1327 836 1361 900 in
1384 855 1442 917 quo
1500 845 1501 856 ¹

292 939 440 1007 iaciendo
457 937 619 1004 sollertem
634 955 707 1003 eum
724 937 823 1004 fuisse
845 936 941 1002 docet
955 935 1089 1003 Homeri
1109 936 1228 1002 fabula.
1266 935 1318 1002 De
1340 936 1442 1018 priore

292 1043 470 1126 fragmento
485 1037 548 1103 hoc
562 1038 656 1104 nobis
672 1044 796 1105 constat
817 1057 881 1104 non
903 1038 1117 1121 promittentis
1141 1056 1211 1104 esse
1234 1036 1317 1104 haec
1336 1038 1442 1119 uerba,

292 1142 352 1210 sed
374 1137 574 1225 postulantis.
611 1137 831 1206 Promitlsntis
854 1144 903 1205 est
924 1138 962 1204 ir.
978 1140 1049 1222 Π,1
1071 1139 1211 1205 futurum
1232 1129 1315 1223 ἥξει,
1338 1145 1443 1225 postu·

291 1243 388 1310 1111ῒί1
411 1246 484 1308 sunt
505 1240 690 1322 imperatiui
717 1240 755 1306 fr.
770 1240 825 1324 I,1
851 1237 937 1305 ἔστω
959 1243 1026 1305 u.9
1055 1237 1158 1326 μηδὲν
1181 1230 1330 1304 ἀπέστω.
1376 1239 1443 1318 Qua

293 1343 335 1409 dc
359 1361 457 1408 causa
478 1340 585 1423 fr.1‚1
611 1334 690 1422 ripun
718 1362 782 1408 non
809 1347 917 1426 potest
943 1341 1035 1425 ferri,
1064 1343 1167 1408 solum
1196 1341 1335 1424 quadrat
1356 1335 1442 1427 ἡμῖν.

293 1443 357 1524 Qui
371 1448 445 1509 sunt
459 1435 579 1526 ripere?
613 1441 790 1526 Cyclopem
805 1443 867 1510 hoc
881 1443 1069 1528 pronomine
1088 1440 1263 1525 significari
1284 1442 1360 1511 ideo
1382 1463 1443 1509 non

294 1551 343 1613 est
356 1545 426 1610 ueri
440 1545 555 1628 simile,
579 1544 667 1627 quod
687 1543 725 1608 fr.
740 1545 782 1628 11,
798 1548 819 1607 2
840 1544 883 1610 de
899 1563 934 1610 sc
948 1544 1084 1626 loquens
1107 1562 1171 1608 non
1193 1543 1364 1627 pluralem,
1389 1544 1443 1610 sod

293 1646 488 1730 singularem
513 1651 656 1730 usurpat.
706 1645 913 1711 Postulantur
940 1649 1049 1710 autem
1079 1643 1130 1710 bis
1159 1645 1305 1711 uersibus
1335 1647 1442 1712 uariae

294 1749 435 1815 deliciae
449 1747 587 1831 piscium
602 1747 806 1829 marinorum,
829 1746 937 1813 lautae
960 1745 1045 1811 offae
1066 1746 1275 1812 subtilitatem
1298 1747 1445 1812 culinarii

292 1848 406 1915 iudicii
428 1846 612 1930 prodentes.
656 1847 772 1932 Agitur
793 1849 827 1913 in
849 1847 900 1914 bis
923 1847 1048 1914 duobus
1074 1847 1261 1930 fragmentis
1289 1847 1332 1912 dc
1361 1867 1443 1914 com-

294 1947 484 2033 pensatione
507 1946 647 2030 quadam
669 1949 822 2014 mercium
844 1949 890 2013 ita
912 1949 1052 2031 quidem,
1076 1954 1112 2014 ut
1132 1949 1292 2033 posterius
1314 1968 1444 2032 respon-

293 2068 363 2116 sum
378 2049 540 2114 contineat
553 2069 574 2114 a
589 2048 732 2133 Cyclope
754 2049 797 2114 ad
819 2049 907 2134 prius
929 2048 1056 2133 datum;
1079 2068 1274 2133 quamquam
1296 2070 1362 2115 non
1383 2056 1444 2116 sta-

293 2153 351 2218 tim
372 2156 544 2216 anuectere
565 2150 642 2217 licet
662 2151 699 2215 ir.
715 2150 757 2232 Π,
781 2149 815 2214 id
834 2149 921 2233 quod
943 2150 1110 2217 dissuadet
1131 2152 1291 2238 particula
1313 2149 1350 2214 δέ
1372 2171 1400 2216 u.
1415 2155 1443 2233 1,

294 2254 345 2320 cui
367 2253 517 2337 opposita
539 2259 608 2318 erat
628 2252 787 2336 particula
808 2253 884 2336 μέν,
908 2254 995 2318 etin
1018 2253 1125 2337 capite
1148 2254 1303 2319 enuntiati
1326 2254 1443 2320 elatum

292 2356 359 2418 τῶν
385 2356 560 2440 χερσαίων.
605 2353 695 2433 Quae
725 2353 855 2438 quidem
883 2353 1026 2420 indicant
1055 2353 1215 2421 excidisse
1246 2355 1346 2420 talem
1378 2355 1441 2420 iere

295 2455 500 2522 sententiam:

521 2555 663 2624 Marinae
685 2555 817 2639 quidem
840 2556 976 2623 delicias
997 2574 1061 2620 non
1082 2553 1205 2638 habeo,

519 2656 585 2719 τῶν
604 2659 771 2740 χερσαίων
794 2648 827 2720 ‹l'
853 2651 930 2738 ὑμῖν
953 2647 1024 2741 ἥξει
1047 2662 1105 2721 etc.

294 2757 386 2838 Quae
401 2758 434 2822 in
450 2756 601 2840 Cyclopis
616 2757 735 2824 fabulis
751 2763 856 2824 exstat
870 2759 1024 2823 mercium
1047 2758 1290 2842 compensatio?
1319 2759 1443 2844 Cogitet

294 2859 456 2943 quispiam
478 2856 520 2923 de
541 2862 722 2924 mercatura
742 2858 851 2925 Ulixis
873 2878 946 2925 cum
968 2857 1079 2924 Sileno
1101 2859 1200 2943 facta,
1224 2879 1308 2943 quae
1330 2881 1442 2945 propo-

293 2963 378 3028 nitur
399 2960 442 3027 ab
464 2957 620 3044 Euripide
643 2958 731 3044 (lyei.
748 2979 800 3025 uu.
816 2962 876 3024 133
888 2979 959 3043 sqq.
982 2963 1024 3038 (u.
1040 2961 1133 3044 impr.
1151 2962 1267 3044 137aq.
1286 2965 1358 3028 150.
1377 2966 1442 3028 160.

294 3067 414 3146 254sq.
437 3064 511 3126 257.
533 3062 606 3125 260.
629 3062 691 3123 270
700 3063 761 3144 sq.)
782 3080 822 3126 uc
843 3066 962 3128 statuat
983 3082 1048 3127 non
1070 3060 1231 3144 Silenum,
1244 3105 1248 3110 -
1261 3063 1321 3130 sed
1343 3067 1444 3152 ipsum

295 3165 472 3249 Cyclopem
502 3163 607 3248 egisse
636 3182 709 3230 eum
738 3160 918 3246 hospitibus
940 3161 1172 3230 ithacensibus.
1214 3164 1259 3229 At
1285 3183 1364 3232 uero
1393 3168 1443 3251 qui

294 3265 443 3332 dicuntur
458 3263 609 3330 ναυτίλοι
623 3265 815 3349 κεχρημένοι
835 3284 900 3331 nou
914 3264 1048 3330 delicias
1069 3264 1113 3330 ad
1134 3264 1253 3331 famem
1268 3266 1443 3336 sedandam

294 3384 407 3449 parum
430 3364 563 3432 idoneas
591 3366 814 3451 postulabunt,
843 3366 901 3434 sed
930 3385 1013 3450 quae
1041 3367 1183 3448 gestiunt
1209 3368 1297 3450 apud
1320 3370 1442 3456 Euripi-

294 3466 384 3531 dem:
407 3484 525 3549 panem
540 3472 573 3531 et
585 3486 704 3550 aquam
719 3466 882 3535 fluuialem
896 3487 948 3534 uu.
963 3470 1003 3532 96
1012 3487 1082 3550 sqq.
1108 3466 1219 3546 'Quare
1235 3471 1353 3555 cogita,
1371 3493 1441 3538 num

296 3567 370 3632 talis
397 3585 515 3633 scaena
539 3567 674 3634 fortasse
700 3569 882 3637 condicioni
912 3569 1075 3636 indicatae
1103 3571 1207 3654 magis
1236 3572 1440 3655 respondeat:

294 3667 464 3735 Postulant
478 3667 636 3735 Nereides
659 3670 805 3753 (pluralis
827 3691 977 3738 numerus
998 3677 1129 3754 propter
1151 3665 1230 3756 ἡμῖν
1252 3673 1289 3737 ir.
1302 3673 1331 3757 Ἰ,
1351 3677 1390 3758 1),
1413 3679 1442 3738 ut

294 3772 452 3842 Galateac
474 3769 600 3853 sibique
627 3772 781 3856 praebeat
802 3771 1022 3857 Polyphemus
1051 3773 1149 3839 maris
1178 3773 1440 3856 exquisitissimas

294 3873 454 3956 lautitias,
485 3891 661 3954 quaecum
686 3872 801 3939 aliene
829 3893 893 3938 non
921 3873 1024 3956 possit
1045 3873 1201 3960 Cyclops,
1230 3878 1441 3962 quicquidin

295 3975 447 4058 gregibus
461 3973 607 4057 possidet
622 3973 796 4058 expetendi
818 3974 950 4041 lasciuia
972 3974 1124 4060 nymphis
1139 3976 1242 4044 offert.
1280 3978 1365 4046 Nam
1387 3996 1440 4064 per
