2998 4674
275 261 337 320 298
641 255 773 325 Georgius
790 255 1061 312 mensurnorum

276 436 309 497 et
329 427 487 512 imprimis
507 427 727 510 exsequentis
749 427 878 495 fabulae
900 429 1043 513 uulgaris
1066 429 1277 499 similitudine
1298 451 1350 499 uu
1363 436 1420 499 539
1490 449 1491 454 ’

276 535 391 621 -541,
429 531 535 596 Tanta
553 530 582 596 si
597 534 667 596 orat
687 527 847 596 modestia
862 529 1043 614 Callidemi‚
1066 530 1111 596 ad
1125 530 1319 616 Polyphemi
1340 555 1420 601 amo·
1490 605 1491 608 ,

275 653 327 701 res
348 637 476 717 poterat
495 649 683 716 prouocare,
706 631 820 714 quales
837 637 1059 715 proponuntur
1079 633 1114 698 in
1128 631 1294 701 Theocriti
1315 634 1420 703 iuvi.
1490 705 1491 722 2

274 735 387 802 Potest
400 738 509 799 autem
523 732 656 800 Nicetes
670 733 876 814 Eugenianus
890 733 1012 816 optimo
1028 735 1180 818 exemplo
1194 754 1276 819 esse,
1295 744 1421 820 quanto·
1490 745 1491 787 l

274 854 354 921 pere
374 835 504 902 fabulae
525 833 568 900 de
590 832 746 900 Galateae
768 839 801 900 ot
821 831 1015 918 Polyphemi
1037 837 1202 903 amoribus
1229 835 1422 904 inhaeserint
1490 885 1491 900 ,

275 937 394 1022 singuli
414 933 518 1001 τόττοι
540 934 705 1002 Theocriti
727 934 929 1018 potissmum
951 936 1141 1003 auctoritate
1164 937 1317 1021 exhibiti,
1346 958 1421 1021 quos

274 1040 352 1122 iuga
373 1045 552 1122 tempomm
573 1037 705 1104 abolere
726 1056 791 1102 non
812 1036 924 1102 ualuit.

730 1422 857 1501 Oneon
882 1425 971 1502 ΧΠ.

643 1573 703 1651 De
731 1573 888 1677 Cyclope
913 1579 1065 1688 συσκίου.

361 1747 571 1814 Subtiliorem
586 1747 705 1812 ueteris
726 1765 884 1830 personae
900 1748 1133 1831 expolitionem
1147 1750 1189 1815 ab
1203 1748 1423 1816 Alexandrino

274 1851 308 1914 in
330 1853 493 1931 posterum
507 1866 624 1914 aeuum
648 1867 745 1930 quam
766 1849 953 1932 longissime
974 1850 1136 1932 potuimus
1156 1852 1319 1934 persecuti
1344 1858 1423 1918 retro

274 1950 428 2015 uertimus
450 1966 577 2014 cursum
598 1948 787 2014 descensuri
808 1948 853 2015 ad
873 1949 1017 2015 infimum
1046 1949 1190 2017 ludicrae
1212 1953 1290 2018 artis
1313 1971 1423 2036 genus,

275 2051 318 2118 ad
340 2051 507 2116 mimum.
552 2049 732 2116 Pretiosum
754 2050 834 2117 latet
855 2052 1073 2118 testimoninm
1095 2051 1137 2118 de
1158 2053 1289 2120 mimica
1310 2053 1423 2138 Cyelo-

274 2171 357 2237 peae
379 2153 510 2218 fabulae
531 2150 722 2218 tractatione
744 2151 778 2216 in
800 2152 871 2235 ipso
894 2153 951 2218 illo
966 2152 1126 2219 Athenaei
1149 2155 1220 2220 loco
1242 2155 1318 2220 libri
1337 2157 1354 2222 I
1376 2177 1424 2223 oa·

276 2256 345 2338 pite
360 2257 400 2319 35
423 2255 467 2338 (p.
483 2253 627 2336 19fsq.),
657 2251 753 2318 buius
774 2253 852 2319 artis
880 2254 1063 2320 nuntiomm
1089 2253 1256 2323 thesauro:
1285 2250 1424 2332 Εὔδικος

200 2387 206 2406 =
275 2354 311 2420 δὲ
333 2349 351 2420 δ
374 2350 603 2438 γελωτοποιὸς
624 2344 797 2439 ηὐδοκίμει
823 2352 1027 2436 μιμούμενος
1054 2352 1247 2432 παλαιστὰς
1274 2358 1334 2422 καὶ
1364 2355 1424 2422 τιδ-

274 2477 363 2536 κτας,
386 2447 433 2532 ὥς
448 2475 551 2542 φησιν
564 2447 802 2540 Ἀριστόξενος.
835 2453 992 2540 Στράτων
1012 2447 1045 2519 δ’
1063 2450 1081 2521 δ
1099 2463 1303 2543 Ταραντῖνος
1321 2455 1424 2524 ἐδασ-

273 2554 395 2639 μάζετο
417 2553 496 2633 τσδς
518 2553 749 2641 διθυράμβους
769 2554 989 2639 μιμούμενος·
1017 2554 1078 2634 τὰς
1101 2556 1138 2622 δὲ
1158 2558 1372 2645 κιθαρῳδίας
1394 2557 1424 2625 οἱ

274 2658 353 2744 περὶ
375 2655 434 2723 τὸν
457 2654 494 2735 ἐξ
510 2650 652 2733 Ἰταλίας
666 2653 826 2738 Οἰνωνᾶν,
849 2654 888 2734 ὃς
906 2659 962 2724 καὶ
977 2657 1149 2725 Κύκλωπα
1164 2657 1321 2748 εἰσήγαγε
1335 2684 1424 2747 τερε-

272 2757 406 2838 τίζοντα
433 2758 489 2823 καὶ
519 2755 662 2843 ναυαγὸν
686 2748 849 2824 Ὀδυσσέα
877 2758 1119 2841 σολοικίζοντα,
1149 2757 1167 2827 o‘
1193 2754 1293 2839 αὐτός
1322 2784 1424 2851 φησιν

274 2865 330 2942 (so.
348 2853 599 2947 Ἀριστόξενος).
632 2860 669 2927 si
684 2879 781 2944 supra
796 2862 838 2943 (p.
850 2864 909 2926 175
919 2864 1001 2946 sqq.)
1022 2864 1206 2931 Aristotelis
1223 2866 1332 2932 locum
1347 2885 1422 2933 sano

274 2966 410 3032 consilio
424 2963 621 3030 restituimus
636 2961 853 3046 Oenonaeque
867 2970 1007 3030 aetatem
1025 2966 1185 3049 probabili
1208 2969 1346 3035 termino
1370 2968 1422 3034 de·

272 3065 444 3149 finiuimus,
460 3086 524 3133 non
536 3066 640 3132 minus
653 3063 746 3131 huius
760 3066 824 3132 loci
836 3063 1042 3134 difficultates
1054 3067 1288 3153 expediuimus.
1317 3070 1421 3154 Hege-

272 3187 367 3234 mone
382 3169 468 3234 enim
482 3173 560 3234 natu
574 3167 671 3250 paulo
690 3167 793 3232 minor
815 3167 870 3248 qui
891 3167 1010 3233 <licitur
1032 3168 1250 3236 citharoedica
1271 3177 1421 3256 poemata

273 3270 402 3337 mimica
423 3275 492 3336 erte
515 3269 727 3352 expressisse,
757 3287 830 3334 eum
851 3269 1038 3335 recentioris
1059 3271 1147 3335 nomi
1168 3270 1268 3337 Attici
1291 3273 1419 3338 canilla-

273 3376 375 3436 torem
398 3372 560 3437 exstitisse
583 3376 615 3436 et
636 3389 694 3454 per
716 3389 752 3435 se
773 3369 941 3451 probabile
964 3376 1013 3436 est
1035 3375 1067 3436 et
1088 3369 1142 3439 hic
1166 3378 1419 3454 argumentorum

273 3470 481 3537 similitudine
504 3472 669 3537 eninoitur.
707 3470 856 3554 Namque
877 3477 913 3536 ut
933 3471 1078 3554 Hegemo
1101 3475 1275 3557 praecipue
1290 3474 1420 3541 Homeri

271 3570 397 3656 poesim
418 3571 461 3634 ad
483 3572 654 3637 ridiculum
683 3571 880 3655 deducebat,
910 3573 955 3638 ita
977 3570 1127 3640 Oenonas
1156 3576 1292 3643 sublime
1320 3594 1418 3660 genus

272 3674 410 3758 primum
431 3672 611 3755 explosisse
632 3672 810 3744 censendus
833 3675 903 3757 erit,
929 3674 1092 3753 Timothei
1114 3677 1212 3760 igitur
1234 3676 1416 3762 Cyclopem.

272 3775 343 3841 Hac
358 3775 400 3841 de
414 3793 450 3840 re
465 3771 683 3854 intellegenda
697 3781 770 3840 sunt
792 3776 891 3842 uerba
911 3773 1119 3859 τερετίζοντα
1134 3784 1167 3844 et
1182 3776 1415 3857 σολοικίζοντα.

273 3874 415 3942 Deflexit
442 3875 528 3940 enim
556 3875 684 3940 inanem
712 3873 882 3941 uerborum
910 3883 1068 3960 tumorem
1096 3878 1291 3964 citharoedi,
1324 3897 1415 3964 quem

272 3979 338 4041 iam
360 3977 492 4042 comicis
519 3977 624 4061 poetis
652 3975 792 4043 ludibrio
820 3976 920 4044 fuisse
948 3978 1103 4064 uidimus,
1133 3980 1176 4047 ad
1205 3981 1415 4048 humillimum
