2998 4674
469 218 511 274 De
528 218 692 288 Polyphemo
711 223 739 274 et
756 219 878 276 Galatea.
1188 221 1250 281 279

8 385 11 432 t
96 392 158 456 τοῦ
171 384 271 476 ὅρους
283 391 338 456 καὶ
353 392 411 478 τῆς
428 389 600 478 θαλάττης
623 387 774 476 αἰγιαλὸς
797 383 1053 479 ἀπομηκύνεται,
1076 388 1163 475 ὑμᾶς
1185 395 1246 478 μὲν

8 501 10 572 ζ
96 485 174 558 οὐδὲ
197 492 439 577 προσέβλεψεν,
462 488 524 578 ἐγώ
549 491 585 558 δὲ
607 489 643 569 ἐξ
664 486 806 558 ἁπασῶν
828 487 847 580 ἡ
871 494 1028 581 καλλίστη
1053 492 1166 576 ἐ’ὁοξα,
1189 499 1246 562 καὶ

94 592 181 679 μόνῃ
212 591 286 676 ἐμοὶ
316 590 427 676 ἐπεῖχε
454 591 512 660 τὸν
541 586 734 682 ὀφθαλμόν.
778 594 1026 680 simplicissima
1054 595 1135 664 haec
1162 600 1245 666 ratio

8 685 9 706 .
95 693 374 780 nympharumqne
396 699 482 763 uitae
504 699 645 763 maxime
667 697 925 781 accommodata,
948 699 1126 782 simplicior
1149 719 1245 783 quam

93 797 262 864 Theocriti
276 805 444 866 uenustum
465 818 543 864 sane
565 797 743 864 artificium.
781 799 928 884 Denique
951 818 1108 884 nusquam
1131 800 1244 884 depre-

8 895 9 980 λ
95 899 267 966 hendimus
288 899 443 968 iudicium
460 901 596 966 aliorum
620 899 660 965 de
675 898 868 984 Polyphemi
892 908 986 968 cantu
1007 909 1073 968 tam
1095 903 1165 970 fuse
1188 923 1244 970 ex-

8 999 9 1042 3
94 1002 237 1085 positum
263 1021 359 1084 quam
381 1001 585 1086 staphus
608 1005 680 1068 ct.
725 1001 878 1070 Mittimus
906 1023 990 1070 nuno
1016 1005 1149 1070 minora.
1194 1005 1243 1070 lla

93 1109 204 1170 autem
227 1104 334 1169 omnia
356 1104 403 1169 ita
422 1104 515 1170 nobis
537 1103 686 1170 uidentur
709 1112 902 1188 comparata,
926 1112 961 1172 ut
984 1106 1148 1172 elaborata
1170 1126 1241 1190 rep-

8 1201 9 1280 ,
94 1205 219 1288 perisse
248 1204 441 1288 Lucianum,
469 1225 533 1271 non
561 1207 667 1288 ipsum
695 1204 736 1271 de
765 1225 823 1272 suo
850 1206 981 1276 linxisse
1012 1209 1241 1275 existimemus.

94 1309 143 1372 Ac
164 1306 275 1390 priora
296 1306 353 1372 illa
375 1308 531 1390 originem
551 1306 637 1372 clare
658 1326 736 1390 prae
757 1327 793 1374 se
814 1307 934 1374 ferunt:
958 1311 1102 1394 expolita
1124 1315 1156 1377 et
1178 1311 1264 1377 sin·'

9 1479 10 1482 ,
93 1409 234 1491 gillatim
263 1408 375 1473 limata
397 1408 570 1493 descriptio
591 1406 804 1472 Alexandrini
826 1411 923 1474 moris
945 1416 994 1477 est
1016 1447 1057 1456 -
1079 1411 1113 1478 id
1136 1412 1242 1479 solum

9 1551 10 1558 .
91 1510 296 1594 ambiguum,
325 1515 431 1575 utrum
453 1510 577 1576 calamo
599 1513 765 1593 poetarum
788 1508 905 1576 debeat
927 1530 986 1576 sua
1008 1511 1168 1578 Lucienus
1199 1534 1241 1579 an

92 1611 249 1695 penicillo
272 1610 437 1677 artificum.
480 1610 534 1676 Ad
555 1611 708 1676 amussim
735 1629 900 1678 secernere
927 1613 1091 1695 utriusque
1120 1615 1241 1696 speciei

91 1713 346 1796 imitationisque
368 1711 447 1779 dues
469 1747 511 1757 -
533 1712 634 1778 semel
649 1710 769 1777 dictum
784 1718 852 1778 esto
874 1747 915 1757 ·-
936 1734 1001 1780 non
1019 1713 1240 1798 adgredimur:

91 1818 186 1883 nohis
209 1814 552 1899 probabilius'uidetur
569 1813 611 1879 ad
626 1813 783 1880 artificum
806 1835 904 1899 opera
924 1835 1077 1884 reuocare
1099 1816 1240 1902 descrip-

9 1969 10 2010 3
91 1921 197 1986 tiones
219 1919 315 1999 istas,
338 1938 376 1983 ao
397 1919 480 1984 bene
501 1915 636 1998 aoeidit,
666 1915 754 1999 quod
775 1923 919 1983 seruatur
941 1919 1048 2004 imago
1071 1919 1240 1986 informem

9 2019 10 2022 ’
91 2022 190 2088 istam
204 2020 307 2103 lyram
322 2039 364 2085 ex
380 2020 467 2085 cerui
486 2018 633 2084 cornibus
656 2017 812 2085 exhibens
834 2020 951 2086 facum
973 2021 1006 2085 in
1029 2023 1239 2105 comparatio-

10 2193 11 2220 ,
90 2142 166 2187 nem
181 2127 298 2188 uocata
312 2141 332 2186 a
346 2119 458 2186 Iahnio
473 2142 505 2205 p.
517 2122 589 2202 416,
610 2119 816 2204 anaglyphon
831 2123 930 2188 uillae
945 2121 1064 2188 Albani
1079 2125 1141 2206 (ap.
1159 2123 1239 2188 Zoe-

91 2225 222 2307 gamin
245 2242 341 2306 opere
368 2215 420 2287 ‘Li
442 2222 641 2288 Bassirilievi
664 2221 784 2287 antichi
806 2213 873 2288 ete.’
898 2223 944 2304 II,
962 2226 1014 2298 57)
1041 2242 1093 2306 ap.
1110 2223 1238 2307 Helbig.

90 2329 111 2390 l.
124 2327 146 2390 l.
162 2346 195 2409 p.
209 2327 338 2408 368sq,
361 2327 412 2392 oui
427 2326 474 2390 rei
490 2343 528 2389 eo
544 2324 698 2388 maiorem
716 2323 884 2390 tribuimus
900 2323 1139 2390 demonstrandi
1161 2327 1238 2408 nim,

91 2426 180 2510 quod
201 2445 260 2510 per
281 2447 316 2494 se
338 2433 387 2494 sat
409 2427 525 2492 mirum
553 2431 602 2491 est
622 2424 814 2508 hodienum,
844 2424 964 2509 quippe
993 2426 1048 2509 qui
1075 2433 1238 2509 pastorem

8 2541 9 2616 3
92 2529 248 2614 depingat
263 2528 448 2614 Cyclopem,
470 2549 534 2594 non
548 2525 655 2592 fistula
670 2545 743 2591 eum
764 2527 930 2610 instruere,
954 2528 1101 2594 sollemni
1123 2529 1237 2602 instru-

8 2621 9 2624 '
90 2637 199 2696 mento
213 2631 369 2716 bucolico,
392 2630 451 2697 sed
465 2628 589 2697 cithara
609 2624 777 2712 (πηκτίδι).
814 2628 927 2712 Neque
950 2630 1080 2695 aliunde
1102 2629 1236 2714 figuram

89 2731 284 2816 Polyphemi
300 2732 340 2798 de
356 2732 487 2818 scopulo
502 2728 716 2816 nympharum
731 2731 835 2798 lusum
854 2733 1028 2815 spectantis
1050 2735 1236 2816 prouenisse

7 2885 8 2889 ,
89 2835 296 2917 arbitramur,
327 2854 422 2917 quem
443 2834 547 2900 solent
568 2831 707 2898 artifices
729 2831 848 2916 fingere
871 2833 912 2900 de
935 2854 1014 2900 saxo
1043 2852 1236 2918 persequen-

89 2945 155 3004 tem
172 2937 264 3004 ooulo
280 2935 457 3017 Galateam,
481 2953 563 3018 quae
585 2933 849 3019 praeteruehitur.
883 2934 1152 3000 commendantur
1173 2932 1236 2999 hae

5 3061 6 3124 g
90 3039 292 3105 coniecturae
309 3056 357 3118 eo,
380 3036 468 3119 quod
482 3057 541 3103 res.
554 3036 647 3102 nobis
671 3041 719 3102 est
741 3054 812 3100 oum
837 3036 914 3117 uiro,
937 3054 1032 3117 quem
1053 3035 1130 3100 artis
1151 3037 1235 3118 peri-

90 3141 245 3208 tissimum
275 3134 358 3204 inter
379 3140 550 3224 scriptores
573 3145 698 3204 ueteres
724 3135 856 3202 laudant
886 3134 1091 3217 archaeologi
1119 3135 1171 3212 (of.
1194 3135 1234 3200 H.

89 3243 278 3309 Bluemner:
301 3241 342 3307 de
357 3241 436 3307 locis
450 3241 584 3307 Luciani
600 3239 643 3304 ad
657 3245 759 3304 artem
780 3237 1008 3321 spectantibus,
1031 3237 1136 3302 Berol.
1152 3237 1233 3302 1866

90 3367 120 3430 p.
134 3347 175 3408 48
183 3346 266 3427 sqq.)
290 3350 434 3427 atquem
457 3343 491 3408 in
512 3341 649 3423 dialogis
671 3339 803 3404 marinis
824 3344 1029 3404 monumenta
1051 3340 1234 3422 respexisse

90 3446 256 3529 probabile
284 3445 336 3522 (cf.
358 3445 538 3510 Bluemner.
562 3440 644 3507 stud.
665 3439 825 3506 archaeol.
846 3439 890 3506 ad
910 3439 986 3505 Luc.
1010 3441 1137 3507 Vratisl.
1153 3444 1234 3508 1867

90 3570 120 3632 p.
134 3550 275 3630 69-82,
299 3546 340 3611 de
362 3545 424 3612 hoc
446 3545 575 3627 dialogo
597 3563 629 3626 p.
642 3543 681 3605 76
693 3529 770 3624 sq.).'

4 3627 6 3654 ⁵
175 3649 293 3715 Contra
314 3648 377 3714 nisi
397 3647 527 3712 aliunde
556 3649 715 3711 constaret
742 3649 854 3728 poetas
884 3642 1034 3710 habuisse
1056 3645 1232 3710 Lucianum

89 3758 235 3818 auctores
259 3785 300 3795 -
321 3750 475 3814 nonnulla
489 3748 595 3814 attulit
613 3747 678 3812 iam
693 3745 952 3812 Homsterhusius
975 3747 1008 3810 in
1023 3746 1138 3811 Reitxii
1155 3744 1231 3810 edit.

88 3855 165 3921 Luc.
190 3850 377 3930 (Amstelod.
393 3851 485 3926 1743)
508 3850 616 3916 tomi
638 3869 668 3932 p.
683 3849 822 3932 288sqq.
846 3883 886 3894 -
908 3846 1075 3931 probabile
1092 3851 1176 3912 esset
1191 3846 1233 3913 de

89 3955 209 4021 iudioio
232 3954 288 4019 illo
311 3973 331 4018 a
354 3950 474 4017 Doride
496 3951 590 4017 laeto.
635 3950 761 4017 Acerba
784 3951 868 4015 enim
897 3948 1009 4016 musici
1037 3947 1098 4012 uiri
1128 3948 1233 4016 irrisio
