2998 4674
424 247 467 300 De
483 246 649 316 Polyphemo
668 251 695 302 et
713 247 834 304 Galatea.
1142 253 1202 314 267

79 416 210 488 ‘Galatea
231 459 270 468 -
293 443 389 505 quam
412 439 483 487 cunr
505 419 724 504 Polyphemus
747 422 886 509 Cyclops
915 424 1114 510 adamasset,
1142 430 1206 512 pri-

79 545 150 589 num
171 525 369 591 concubitum
392 525 460 589 eius
482 523 630 605 precibus
652 527 823 608 expetiuit,
852 547 928 592 mox
957 530 1023 594 uim
1051 528 1207 598 adhibere

79 634 192 693 conatus
214 635 271 710 est,
294 645 389 709 quem
411 624 470 690 illa
491 626 524 690 in
547 646 635 691 mare
657 645 691 692 se
713 628 957 712 praecipitando
981 631 1102 716 effugit.
1144 632 1205 717 Gy-

77 729 151 812 elops
165 735 281 813 autem,
304 749 376 794 curn
392 747 463 792 eam
478 725 519 792 de
534 728 614 792 mari
628 747 691 793 non
706 736 816 812 posset
830 750 976 814 euocare,
998 734 1089 817 Acin,
1111 755 1206 817 quem

76 832 202 916 nympha
217 831 383 915 diligebat,
405 829 471 895 ictu
487 835 598 912 petrae
613 830 782 914 interemit,
806 833 895 898 cuius
911 854 1056 901 cruorem
1071 836 1207 903 Galatea

77 935 156 998 uertit
178 935 211 999 in
232 933 378 1014 fluuium,
407 933 463 1014 qui
489 933 557 998 eius
578 933 694 998 retinet
715 925 858 1000 nomen².
902 936 954 1003 De
974 938 1104 1004 nomine
1130 940 1207 1005 noui

76 1035 149 1102 fluuii
171 1036 419 1120 discrepantiam
441 1035 545 1118 possis
568 1035 614 1101 ita
637 1034 808 1120 expedire,
837 1044 872 1104 ut
893 1038 1028 1124 fontem,
1055 1041 1089 1106 in
1111 1061 1206 1124 quern

75 1139 137 1204 heis
151 1145 288 1206 mutatus
303 1143 360 1219 est,
379 1136 518 1203 Acilium
533 1136 653 1203 dictum
666 1145 770 1220 putes,
790 1137 933 1224 fluuium,
955 1144 990 1207 in
1004 1163 1099 1226 quem
1115 1164 1207 1210 eruor

75 1243 183 1308 ιιιιιιιι
184 1242 381 1325 ,antiquum
403 1239 571 1306 retinuisse
593 1259 709 1305 nomen
730 1247 792 1306 stat
793 1262 865 1325 uas,
888 1245 951 1310 nisi
970 1245 1068 1312 Acilii
1090 1265 1207 1312 nomen

74 1343 154 1410 nimis
175 1348 358 1427 suspectum
381 1347 481 1425 esset,
510 1340 683 1407 uthuict
670 1343 852 1432 testimonio
881 1344 1028 1412 diffidere
1056 1355 1205 1431 praestet.

74 1445 113 1510 De
127 1453 202 1529 poet
202 1448 254 1513 ιιι
275 1465 353 1511 uero
375 1443 469 1510 huius
491 1444 655 1510 fabulaet
642 1445 831 1510 tractatione
852 1466 911 1529 per
932 1468 1069 1530 sequens
1091 1469 1206 1514 aeuum

73 1546 168 1612 nihil'
160 1570 234 1614 runo
236 1549 305 1630 tuit,
329 1549 356 1614 si
373 1547 486 1612 eximis
500 1545 669 1631 pulchrum
685 1547 882 1630 epigramma
895 1547 947 1612 An
948 1547 992 1613 th.
1005 1549 1099 1615 Latl
1085 1555 1141 1614 151
1152 1551 1205 1616 lc:

186 1667 363 1750 Defugiens
385 1672 518 1750 pontum
540 1667 639 1732 siluas
662 1665 800 1732 Galatea
821 1674 987 1750 peragrat,

232 1769 398 1836 custodem
419 1775 454 1833 ut
475 1787 626 1852 pecorum
650 1788 780 1836 eernere
802 1770 903 1852 possit
924 1770 1025 1835 Acim.

186 1873 294 1948 nam1)
316 1878 442 1936 teneros
465 1890 592 1952 gressus
614 1869 718 1954 infigit
739 1862 882 1936 sentibus
904 1872 1037 1956 ardens,

231 1993 291 2039 nec
313 1977 419 2038 tamen
441 1974 507 2038 alta
527 1972 647 2056 pedum
669 1974 803 2039 uulnera
825 1974 922 2039 sentit
943 1995 1040 2040 amor.

185 2079 257 2160 ipsa
279 2074 477 2158 Cupidineae
500 2074 617 2141 cedunt
640 2076 798 2141 elementa
819 2073 1005 2160 pharetrae,

233 2179 323 2243 cuius
344 2183 376 2242 et
398 2178 432 2240 in
455 2174 571 2242 mediis
592 2175 722 2242 flamma
743 2177 867 2244 suburit
887 2179 989 2259 aquis.

71 2294 207 2362 Nondum
223 2316 355 2364 saeuum
370 2293 414 2360 ad
428 2293 524 2360 finem
539 2301 754 2377 peruenerunt
774 2314 899 2361 amores
921 2294 1058 2360 necdum
1079 2294 1207 2359 turbata

69 2388 202 2466 ‘Veneris
217 2387 414 2466 concordia'.
453 2395 582 2481 Optime
597 2395 789 2462 describitur
811 2397 907 2463 ardor
928 2395 1100 2481 nymphae,
1123 2415 1207 2478 quae

71 2497 199 2566 deseruit
221 2501 333 2584 undas,
356 2507 391 2566 ut
413 2502 517 2566 solent
538 2500 667 2582 puellae
687 2499 831 2564 marinae
853 2504 1020 2565 terrestres
1042 2500 1129 2564 uiros
1151 2497 1206 2564 de·

70 2610 236 2682 pereuntes.
287 2603 356 2669 Nec
383 2623 469 2669 noua
498 2608 546 2669 est
572 2599 675 2684 figura
701 2602 830 2684 puellae
859 2621 918 2687 per
946 2601 1045 2668 siluas
1074 2608 1106 2669 et
1133 2602 1207 2667 loca

31 2701 33 2774 l
70 2723 173 2787 aspera
194 2711 281 2771 ιιιιιι
282 2725 335 2770 um
358 2705 540 2787 quaerentis
562 2723 667 2786 neque
689 2705 790 2769 ullum
815 2702 960 2771 dolorem
988 2703 1205 2789 percipientis,

31 2801 81 2893 ts
71 2807 118 2871 sed
139 2828 179 2872 ιι
207 2808 337 2891 poetica
364 2808 563 2891 supellectile
591 2807 710 2890 petita:
739 2807 814 2872 talis
843 2808 968 2890 quaerit
989 2807 1097 2872 Venus
1119 2803 1206 2869 Ado·

70 2908 125 2972 nirn
146 2909 185 2974 cf
201 2910 293 2976 Bion.
310 2911 386 2992 epit.
365 2907 506 2974 ι.Αάοι
521 2911 657 2991 19sqq.,
680 2910 755 2974 talis
770 2907 934 2992 Daphnim
949 2908 1076 2991 quaerit
1096 2906 1207 2990 puella

71 3009 194 3076 Theoor.
215 3012 245 3095 I,
262 3013 376 3093 82sq.,
406 3011 480 3074 talis
502 3010 688 3077 Narcissum
716 3012 842 3091 quaerit
828 3008 958 3074 ttho
981 3007 1040 3075 (lu.
1057 3014 1131 3073 met.
1147 3007 1205 3090 Ill,

71 3113 122 3176 370
134 3135 201 3198 sqq.
218 3113 278 3196 al.;
307 3119 340 3178 et
368 3111 504 3178 conferri
531 3113 633 3197 possit
653 3111 751 3176 (leues
778 3110 1004 3194 Proserpinam
1033 3117 1066 3175 ιι
1087 3109 1206 3192 Hylam

70 3233 214 3295 quaerens
230 3216 384 3281 Hercules
401 3213 548 3293 (Theoer.
564 3214 653 3296 XIH,
667 3213 808 3294 eloqu).
843 3213 974 3278 Poterat
995 3213 1093 3295 igitur
1107 3217 1206 3294 poeta

69 3315 96 3380 in
119 3317 263 3402 legendis
292 3317 450 3402 prioribus
478 3337 542 3382 non
573 3317 633 3382 tiro
663 3335 720 3381 suo
748 3333 789 3380 ex
815 3315 943 3397 ingenio
972 3313 1092 3398 fingere
1121 3312 1206 3380 hanc

70 3422 260 3486 sententiam:
286 3439 370 3484 nunc
392 3439 463 3483 cunr
486 3420 519 3483 in
542 3416 603 3484 hac
625 3417 785 3500 farragine
807 3436 987 3500 uersemur,
1009 3416 1051 3482 de
1073 3417 1206 3500 antiquo

70 3523 207 3604 exemplo
230 3522 372 3605 cogitare
393 3522 560 3587 malumus.
605 3519 811 3585 Continuauit
835 3519 946 3584 fabula
967 3539 1109 3586 amorem
1131 3541 1204 3586 con-

70 3628 193 3689 stantem
208 3625 304 3689 etiam
318 3623 402 3688 ultra
415 3622 528 3689 Acidis
542 3623 653 3704 fatum,
676 3628 711 3687 ut
732 3628 765 3688 ιι
787 3620 861 3689 hine
883 3627 916 3686 et
937 3622 1027 3689 illinc
1041 3624 1204 3690 adstructa

145 3848 168 3908 1)
189 3838 281 3896 ‘Nem'
294 3844 377 3908 ,mres
400 3856 495 3905 sensu,
522 3842 646 3896 acumine
667 3837 754 3906 ‘iam’,
782 3841 854 3911 quod
877 3841 981 3909 placuit
1003 3839 1200 3907 Oudendorpio.

70 3923 219 3986 Scribimus:
277 3943 375 3996 quem
392 3929 500 3980 teneros
517 3941 625 3993 gressus
641 3927 729 3996 intigit
746 3927 868 3982 sentibus
886 3925 997 3980 erdensl

70 4017 94 4064 ιι
109 4013 298 4069 exclamatione
314 4011 443 4068 efferatur
460 4012 602 4067 sententia.
