3028 4672
439 241 481 294 De
498 240 664 310 Polyphemo
683 244 710 295 et
728 239 851 296 Galatea.
1161 239 1221 298 201

70 416 194 482 ductos·
209 433 280 481 csse
302 414 335 478 in
358 420 482 478 antrum
505 412 738 479 descendentes
760 433 900 496 ouesqne
930 420 1106 481 mactantes
1129 415 1224 500 Poly-

71 517 190 602 phemo
214 516 346 582 absente
370 515 454 598 ideo,
480 520 515 580 ut
537 511 785 598 προεξάρχοντα
807 513 941 581 haberet
962 516 1093 583 Ulixem
1115 537 1224 600 perso-

71 625 182 684 natum
205 617 256 694 (of.
272 637 304 700 p.
317 617 379 681 236
390 617 460 698 sq).
495 614 560 681 Sed
574 635 616 681 ne
632 635 712 700 opus
728 614 858 698 quidem
875 623 924 682 est
938 618 1112 684 uiolentam
1134 619 1225 685 illam

71 719 281 786 mutationem
304 719 462 802 accipere,
486 719 621 783 sirecte
644 717 861 800 intellegimus
876 717 1103 802 Aristophanis
1125 720 1226 786 uerba

73 818 141 905 εἰκῆ
158 817 194 883 δὲ
210 815 470 903 καταδαρθόντα
486 841 564 882 που.
598 814 672 882 Hori
696 820 781 884 enim
802 826 930 885 nonest
949 811 1123 905 ‘fortasse’,
1148 841 1226 905 quo·

72 924 160 988 niam
188 921 356 988 constabat
385 920 514 986 senibus
544 920 735 987 dormiuisse
763 920 852 1006 apud
873 920 1088 989 Philoxenum
1111 923 1225 1006 Cyclo-

73 1045 163 1108 pem,
186 1022 246 1090 sed
265 1011 424 1104 ‘alicubi'‚
449 1023 504 1105 qni
525 1023 615 1089 locus
636 1028 767 1107 propter
789 1022 990 1091 indefinitam
1012 1024 1142 1093 dicendi
1162 1026 1226 1091 lor·
1282 1090 1287 1100 ,

73 1147 158 1192 mam
172 1144 237 1190 non
252 1124 286 1188 in
300 1128 391 1188 antro
407 1123 536 1188 uidetur
551 1142 631 1190 esse.
664 1123 771 1201 Quare
787 1131 952 1193 caecatum
967 1147 1038 1194 csse
1050 1126 1226 1212 Cyclopem

74 1234 167 1294 extra
182 1230 308 1291 antrum
322 1224 435 1290 titione
456 1225 546 1290 facili
568 1245 668 1310 opera
688 1226 780 1292 illinc
802 1229 965 1312 arcessito,
988 1248 1093 1312 neque
1108 1229 1226 1294 Home·

73 1330 176 1394 nicam
197 1325 341 1392 fabulam
364 1325 405 1392 de
428 1326 565 1409 captiuis
595 1328 704 1393 ouium
732 1329 854 1394 anxilio
885 1331 1021 1396 seruatis
1049 1330 1228 1397 adhibitam

75 1449 145 1496 esse
162 1429 341 1512 opinamur,
366 1447 462 1510 quam
476 1433 608 1512 propter
622 1431 786 1496 scaenicas
802 1428 1007 1496 difficultates
1023 1432 1120 1497 etiam
1136 1432 1227 1497 Euri·

75 1530 169 1615 pides
183 1529 372 1595 immutauit.
400 1530 515 1612 Neque
530 1534 638 1595 tamen
649 1530 768 1596 exiisse
783 1536 889 1613 potest
899 1530 1134 1615 dithyrambos,
1151 1533 1228 1615 quin

75 1633 185 1715 aliquo
208 1630 304 1696 modo
328 1629 485 1696 Galateae
506 1650 616 1698 amore
637 1631 794 1697 frueretur
815 1632 939 1699 Ulixes.
973 1633 1119 1699 Postulat
1142 1634 1228 1697 enim

77 1731 275 1816 dithyrambi
299 1733 483 1816 consilium,
512 1739 548 1797 ut
569 1731 725 1799 Galateae
753 1733 859 1818 fauor,
890 1741 986 1816 quein
1009 1733 1228 1818 Polyphemus

76 1834 242 1900 blanditiis
263 1834 380 1900 frustra
401 1833 598 1918 adpetierat‚
621 1835 704 1900 ultro
727 1835 879 1918 obtigerit
900 1836 1005 1919 Ulixi,
1034 1856 1074 1902 ne
1097 1837 1228 1903 aculeus

78 1937 177 2003 hebes
193 1940 347 2019 maneret,
370 1941 405 2000 ut
420 1935 593 2002 Ribbeckii
608 1937 715 2002 uerbis
731 1941 866 2022 utamur,
891 1940 946 2021 qui
963 1945 1138 2023 praeeunte
1152 1939 1229 2022 Bip·

79 2045 170 2122 parto
194 2037 295 2122 praef.
318 2059 350 2122 p.
365 2037 415 2101 IX
439 2038 615 2104 rectissime
638 2037 723 2104 huno
745 2039 841 2106 finem
862 2038 1021 2122 flagitauit
1043 2075 1083 2084 -
1106 2041 1230 2106 finem

80 2139 230 2222 dicimus,
257 2158 332 2204 nam
356 2139 411 2221 qui
433 2144 530 2222 negat
552 2159 684 2206 necesse
706 2160 777 2206 esse
799 2142 881 2207 scire
904 2141 1035 2207 Ulixem
1057 2141 1098 2206 de
1120 2161 1230 2207 amore

80 2240 241 2324 nymphae
259 2239 431 2306 Glaeserus
453 2262 485 2324 p.
500 2244 528 2323 7,
551 2260 665 2325 parum
686 2243 830 2326 respexit
851 2261 960 2308 ueram
982 2247 1099 2326 poetae
1121 2248 1230 2325 partes

81 2343 179 2425 ipsius
203 2341 311 2408 Ulixis
334 2342 459 2425 agentis
482 2343 714 2418 condicionem.
757 2342 829 2408 Hac
857 2344 890 2408 in
918 2350 1010 2426 parte
1033 2342 1231 2428 dithyrambi

82 2443 250 2510 Gatateam
279 2444 312 2508 in
341 2463 490 2509 scaenam
518 2442 678 2527 prodiisse
706 2444 820 2527 negari
847 2465 910 2510 non
939 2447 1074 2529 poterit,
1106 2446 1232 2528 singula

84 2545 174 2611 huius
198 2563 335 2611 scaenae
357 2543 494 2610 artificia
515 2565 573 2612 nos
594 2544 729 2628 fugiunt.

162 2647 256 2712 Haec
289 2644 419 2728 quidem
453 2645 556 2731 mythi
589 2647 795 2713 commutatio
828 2668 986 2732 nusquam
1019 2670 1078 2735 per
1108 2651 1232 2717 litteras

84 2755 205 2815 nostras
229 2748 382 2831 occurrit,
412 2748 470 2814 sed
492 2768 589 2814 unum
611 2749 747 2816 fortasse
770 2751 915 2833 quamuis
944 2758 1039 2818 tenue
1069 2758 1101 2817 et
1128 2752 1231 2817 delor-

84 2858 202 2917 matum
224 2849 359 2914 frustum
389 2850 498 2916 multis
527 2852 665 2918 sacculis
692 2857 766 2935 post
794 2872 956 2937 apparens
985 2873 1025 2918 ex
1054 2858 1146 2919 uasta
1175 2852 1233 2917 illa

84 2951 269 3020 ficticiorum
299 2949 454 3016 debello
482 2952 623 3033 Troiano
653 2952 858 3020 historiarum
890 2956 1042 3038 agglnuie
1071 2953 1233 3034 expiscari

26 3125 30 3132 ,
84 3054 200 3121 licebit.
245 3052 409 3135 chuntur
437 3054 522 3118 enim
551 3054 639 3137 apud
666 3054 787 3138 Dictyn
809 3055 994 3122 Cretensem
1016 3054 1106 3136 VI,5
1136 3051 1232 3118 haec:

83 3147 231 3232 ‘lUlixcsl
253 3173 383 3219 narrare
407 3155 534 3239 occipit,
558 3175 621 3238 quo
643 3161 739 3239 pacto
762 3191 802 3201 —
827 3157 994 3223 deuencrit
1015 3157 1050 3220 in
1071 3153 1232 3220 Siciliam:

86 3257 135 3322 ubi
149 3275 209 3341 per
225 3254 370 3340 Cyclopa
385 3262 418 3321 et
432 3256 654 3340 Laestrygona
669 3257 783 3323 iratres
804 3258 906 3323 multa
927 3255 1059 3340 indigne
1082 3262 1234 3341 expertus

85 3357 123 3423 ad
144 3363 344 3442 postremum
366 3358 408 3424 ab
432 3377 541 3425 eorum
563 3356 640 3424 filiis
659 3357 835 3442 Antiphate
858 3364 891 3424 et
912 3358 1113 3442 Polyphemo
1136 3360 1235 3443 pluri-

86 3479 152 3525 mos
175 3459 335 3525 sociorum
359 3460 511 3542 amiserit,
535 3459 610 3525 dein
632 3479 692 3542 per
713 3459 966 3526 misericordiam
985 3460 1180 3545 Polyphemi
1201 3462 1235 3525 in

87 3561 260 3627 amicitiam
281 3567 429 3645 receptus
449 3561 550 3626 filiam
571 3562 657 3644 regis
679 3560 823 3645 brenen,
846 3569 1017 3646 postquam
1039 3561 1235 3648 Alphenoris

88 3664 163 3728 socii
186 3663 256 3728 eius
278 3682 388 3728 amore
410 3662 594 3748 deperibat,
623 3684 738 3748 rapere
766 3670 914 3760 conatus,
942 3665 998 3731 ubi
1026 3687 1077 3732 res
1107 3667 1236 3750 cognita

90 3769 148 3847 cst,
178 3766 369 3830 interuentu·
387 3766 530 3848 parentis
551 3767 661 3850 puella
681 3767 791 3833 ablata
819 3786 878 3851 per
905 3769 987 3852 uim,
1018 3775 1149 3834 exactus
1177 3786 1235 3849 per

89 3864 179 3932 Aeoli
201 3866 323 3933 insulas
338 3866 506 3932 deuenerit
521 3868 564 3933 ad
580 3868 693 3936 Circen
709 3859 789 3936 etc’.
825 3867 952 3935 Similia
972 3871 1084 3954 paucis
1106 3867 1235 3933 mutatis

91 3973 214 4034 narrant
242 3967 362 4034 dubiae
390 3966 467 4033 fidei
497 3975 627 4036 auctore
656 3972 705 4037 usi
726 3971 842 4038 'Icann
865 3971 1002 4038 Malalas
1024 3967 1236 4052 chronogr.V
