3028 4672
460 253 503 308 De
520 254 686 324 Polyphemo
704 258 732 312 et
750 257 873 315 Galatea.
1182 267 1246 326 165

86 424 127 489 ef.
143 423 243 489 Mein.
259 422 333 490 hist.
347 426 415 490 orit.
430 446 462 510 p.
476 429 538 490 237
546 448 594 511 sq.
610 463 652 474 -
667 429 777 496 fabula
787 420 966 507 Ὀδυσσεύς
980 433 1143 521 inseripta,
1160 459 1243 522 quae

84 525 231 610 Bergkio
255 525 296 592 de
317 527 387 592 rell.
411 547 490 594 eom.
506 529 571 594 Att.
593 536 659 597 ant.
680 551 712 615 p.
725 534 786 596 413
817 533 908 599 audit
930 524 1101 610 Ὀὁυσσεῑς
1131 558 1242 607 seeun-

86 627 167 692 dum
182 628 324 695 Pollucis
339 628 410 711 VH,
425 633 465 692 74
480 631 698 698 testimonium
711 633 769 698 uix
784 641 895 701 eontra
910 634 1069 702 Athenaei
1085 637 1140 722 IV,
1152 642 1242 709 165b

85 737 119 796 et
140 727 242 795 sohol.
259 729 423 812 Aristoph.
439 750 530 814 uesp.
545 735 627 798 1346
650 753 839 800 eonsensum
867 735 1045 820 urgendum
1074 744 1107 804 et
1135 741 1176 805 ob
1205 741 1241 807 id

84 833 194 916 ipsum
207 838 245 897 ut
257 831 385 896 titulum
406 832 453 896 ita
474 840 698 915 argumentum
718 835 906 902 oomoediae
921 837 1090 907 Gratineae
1113 841 1241 909 uidetur

83 933 265 1016 repetiisse.
309 932 356 997 At
377 933 462 999 enim
487 933 710 1001 desiderantur
731 935 765 1000 in
786 937 823 1003 ir.
842 939 954 1022 3414,
983 940 1070 1022 quod
1093 942 1139 1008 sio
1160 944 1242 1027 legit

84 1033 249 1117 Berglrius

284 1109 469 1203 Εὐριπίδου
488 1109 557 1182 'or’
581 1111 718 1206 ᾅριστον
741 1112 909 1198 uduornic
933 1120 1005 1204 ἐ’χον

282 1211 464 1304 τάλλότρια
487 1218 636 1286 δειπνεῖν
657 1218 715 1286 τὸν
737 1222 845 1300 καλῶς
868 1216 1050 1307 εὐδαίμονα

83 1329 118 1389 et
141 1322 300 1406 explieat:
329 1321 539 1406 Euripideum
563 1329 612 1390 est
633 1324 827 1391 ientaculum
849 1345 914 1390 non
936 1346 1013 1392 sane
1036 1334 1238 1396 contemnen-

84 1424 162 1490 dum
178 1430 238 1490 ete.
259 1417 314 1489 ‘de
329 1423 426 1490 Ulixe
450 1424 555 1490 sooios
577 1422 734 1508 hortante,
757 1431 792 1489 ut
808 1423 960 1509 Cyclopis
982 1446 1077 1494 easeo
1101 1435 1133 1496 et
1154 1432 1238 1499 laete

82 1527 192 1611 prouti
208 1525 388 1592 collibuerit
409 1514 580 1607 iruantur’,
605 1531 692 1590 oerta
713 1525 834 1592 indioia
855 1525 950 1593 huius
972 1527 1117 1613 fabulae,
1140 1532 1237 1599 immo

82 1627 221 1695 suadent
236 1644 301 1692 non
314 1645 428 1710 pauoa,
452 1631 487 1690 ut
505 1625 662 1707 cogitetur
677 1625 719 1692 do
734 1626 833 1693 Ulixe
855 1627 889 1691 in
909 1629 1050 1710 patriam
1071 1630 1236 1717 redeunte,

81 1729 164 1795 illud
179 1734 287 1795 autern
302 1728 515 1812 fragmentum
531 1725 736 1810 intellegatur
750 1748 823 1794 enm
837 1728 1017 1796 Ribbeekio
1030 1729 1137 1797 Golao.
1153 1753 1184 1816 p.
1195 1735 1236 1798 23

79 1836 146 1898 not.
159 1834 179 1892 4
198 1829 240 1895 de
255 1831 372 1914 proeis,
396 1847 530 1912 quorum
547 1833 595 1893 est
610 1847 707 1910 quam
722 1831 862 1895 maxime
876 1821 1059 1917 τάλλότρια
1075 1829 1235 1918 δειπνεῖν,

80 1933 115 1998 id
132 1932 221 2016 quod
236 1932 382 1997 Kookins
405 1949 533 2014 quoque
555 1930 693 1996 sensisse
717 1931 845 1998 uidetur
867 1933 1003 1998 conferri
1025 1934 1138 2002 iubens
1161 1937 1235 2004 titu-

80 2037 148 2101 lum
172 2033 318 2100 eiusdem
340 2037 456 2116 poetae
479 2028 671 2118 Πηνελόπη.

549 2311 676 2442 onor
702 2368 769 2444 ru.

270 2483 273 2488 A
333 2519 572 2621 Polyphemus
598 2521 635 2595 ab
655 2518 788 2616 fabula
814 2522 987 2620 satyrico.

628 2692 691 2767 §L

420 2825 478 2890 De
500 2825 683 2890 Aristiae
705 2824 893 2909 Oyolope.

163 2961 321 3045 Adprime
349 2959 562 3027 conueniebat
589 2958 741 3045 Cyclopis
769 2960 872 3044 figura
898 2963 1109 3045 satyrioarum
1141 2962 1234 3027 fabu-

78 3064 184 3129 larum
205 3061 323 3145 indoli,
353 3081 426 3127 oum
453 3062 605 3126 immania
626 3067 768 3127 monstra
795 3063 921 3145 priseae
948 3063 1149 3143 antiquitatis
1177 3063 1231 3128 uel

79 3165 236 3231 barbaros
250 3185 271 3230 a
285 3163 464 3230 uernaoulis
479 3163 619 3229 moribus
634 3161 843 3229 abhorrentes
859 3168 990 3246 oaptare
1010 3162 1138 3245 soleret,
1161 3165 1230 3246 qui-

78 3267 139 3333 bus
154 3267 286 3332 sceleris
301 3265 444 3331 uindiota
458 3264 500 3329 ab
515 3261 666 3329 heroibus
682 3264 914 3347 importaretur.
944 3262 1022 3328 Erat
1036 3263 1133 3346 igitur
1148 3265 1231 3333 inter

77 3388 235 3452 personas
251 3367 434 3449 Ceroyonis,
458 3364 610 3447 Scironis,
633 3363 734 3448 Sylei,
756 3363 923 3447 Busiridis,
946 3363 1062 3448 Amyoi
1083 3365 1230 3449 aliorum,

78 3488 159 3552 qnos
180 3470 302 3555 primus
320 3468 483 3552 oongessit
503 3466 537 3531 in
559 3464 701 3532 secunda
722 3485 818 3548 quam
839 3466 951 3532 statuit
971 3473 1231 3549 argumentorum

77 3573 292 3654 satyricorum
307 3571 410 3638 alasse
424 3567 614 3635 Welekerus
632 3567 673 3634 de
692 3567 802 3633 fabula
824 3572 921 3650 satyr.
947 3567 991 3648 (in
1006 3569 1104 3636 libro:
1127 3569 1228 3636 addit.

76 3672 122 3738 ad
142 3672 249 3755 trilog.
270 3670 423 3754 Aesohyl.
451 3669 597 3735 Franoof.
619 3669 663 3736 ad
682 3668 786 3735 Moen.
805 3669 899 3745 1826)
926 3690 958 3754 p.
972 3670 1115 3752 302eqq.
1160 3670 1229 3734 Pri-

76 3793 149 3838 mus
165 3778 272 3855 autem
288 3774 321 3838 in
335 3772 398 3839 hoo
412 3790 512 3855 genus
528 3770 680 3836 dramatis
696 3769 931 3854 Polyphemum
954 3769 1120 3836 induxisse
1138 3768 1229 3834 uide·

75 3881 129 3940 tur
143 3873 291 3958 Aristias,
310 3874 471 3953 Pratinae,
489 3874 648 3956 satyricae
662 3872 793 3938 fabulae
808 3872 993 3953 inuentoris,
1015 3869 1109 3951 filius,
1133 3887 1228 3951 quem

75 3978 162 4043 inter
177 3976 403 4042 celeberrimos
417 3974 513 4039 huius
528 3974 655 4056 generis
677 3979 823 4040 auotores
846 3971 957 4038 laudat
971 3971 1065 4036 Pans.
1078 3968 1120 4052 Π,
1135 3971 1184 4052 13,
1198 3973 1227 4034 5.

1308 1027 1343 1080 si.
