2998 4674
439 263 482 320 De
499 262 666 334 Polyphemo
683 267 712 318 et
728 263 850 320 Galatea.
1156 265 1217 324 281

74 438 282 505 Theocritum
298 443 426 504 secutus
441 456 522 519 esse,
545 454 739 519 quamquam
754 437 907 503 nonnulla
921 437 1059 505 bucolici
1079 439 1221 504 carmina

73 541 223 607 redolent
244 538 283 606 cf.
305 539 470 605 Lue.o.1:
499 534 791 625 ἐπιμεμηνέναι
813 559 868 602 σοι
891 546 923 605 et
945 531 1051 621 ὀρθαὶ
1072 543 1220 622 μανίαι

4 657 5 675 l
74 641 210 709 Theoor.
226 640 271 706 id.
287 641 344 723 XI,
361 645 396 704 ll
415 646 448 707 et
461 641 610 724 aequoris
625 641 791 724 speculum
806 661 848 707 ex
864 640 1055 725 Polyphemi
1071 643 1220 726 exemplo

74 746 211 811 Theocr.
223 744 277 826 VI,
293 745 349 807 35:

181 829 202 931 ἦ
225 841 287 929 γὰρ
310 845 399 929 πρᾶν
421 839 456 920 ἐς
476 839 602 908 πόντον
625 839 820 926 ἐσέβλεπον,
842 828 881 930 ἧς
904 842 940 910 δὲ
960 842 1103 930 μαλάνα,

75 948 239 1016 aDoride
261 966 325 1013 non
346 947 416 1013 siue
438 945 612 1013 acerbitate
635 946 775 1030 quadam
790 946 945 1014 Galateae
967 948 1222 1015 commendatum

74 1054 152 1119 Luc.
169 1071 196 1118 o.
209 1051 245 1114 3ι
268 1040 336 1112 ἀπὸ
360 1049 487 1131 πέτρας
508 1045 614 1128 τινός,
638 1046 672 1113 e'e'
691 1071 776 1113 ποτε
797 1046 919 1136 γαλήνη
943 1047 1004 1138 ε’όη,
1028 1047 1223 1132 ἐπικύψασα

76 1152 110 1229 ἐς
130 1150 169 1218 τὸ
189 1142 278 1232 ὕδωρ
302 1146 352 1213 ἰδὲ
377 1140 517 1234 σεαυτήν
540 1155 599 1216 etc.
635 1149 787 1216 Attamen
809 1157 881 1218 sunt
903 1171 986 1235 quae
1007 1154 1073 1220 alio
1095 1151 1221 1220 ducant.

75 1253 225 1322 Proderit
241 1270 311 1318 oum
328 1251 509 1317 narratione
526 1251 686 1318 Ouidiana
701 1273 887 1337 comparare
901 1255 1035 1321 Luciaui
1051 1255 1222 1340 dialogum.

75 1357 175 1422 Mirus
199 1359 247 1420 est
269 1371 441 1420 consensus
470 1354 553 1418 inter
581 1361 784 1438 argumenta,
813 1357 928 1438 quibus
953 1357 1041 1442 apud
1062 1360 1225 1425 Nasonem

1 1455 6 1501 '¹
75 1454 297 1541 Polyphemus
327 1474 363 1521 se
389 1444 572 1539 praedicat,
603 1454 747 1521 defendit
774 1456 948 1542 Cyclopem
973 1459 1109 1526 Galatea
1136 1461 1224 1545 apud

2 1546 3 1637 I
76 1559 263 1627 Lucianum.
300 1556 443 1622 Primum
464 1557 597 1624 illustris
619 1557 710 1640 origo
731 1578 752 1622 a
772 1559 869 1625 maris
891 1579 968 1642 rege
991 1559 1130 1627 deducta
1147 1562 1223 1628 Luc,

78 1684 104 1729 e.
120 1667 152 1728 1:
182 1656 244 1744 Μὴ
268 1659 411 1737 σκῶπτε,
433 1662 545 1741 Δωρί·
567 1656 782 1736 Ποσειδῶνος
802 1655 864 1745 γὰρ
887 1657 960 1736 υἱός
981 1657 1081 1741 ἐστιν,
1104 1655 1225 1738 όποῑος

79 1753 119 1828 όν
139 1747 170 1849 ᾖ.
215 1761 621 1844 Ou.met.XHI,854sq.:

185 1863 286 1948 adde,
310 1863 396 1947 quod
418 1864 451 1928 in
473 1869 580 1929 uestro
602 1863 728 1946 genitor
747 1882 836 1930 meus
859 1884 999 1948 aequore
1020 1873 1149 1950 regnat:

185 1965 270 2032 hunc
291 1966 350 2031 tihi
373 1964 415 2030 do
437 1984 597 2048 socerum,

79 2067 197 2135 deiude
219 2068 322 2135 uirilis
344 2073 493 2152 aspectus
515 2087 610 2150 quem
633 2066 743 2134 dicunt
763 2088 822 2152 pro
845 2070 926 2135 truci
955 2076 987 2135 et
1012 2090 1127 2155 aspero
1149 2071 1225 2138 Luc.

80 2191 105 2238 ο.
120 2175 154 2236 1:
188 2160 274 2234 Οὐδὲ
295 2165 333 2233 τὸ
358 2165 475 2234 λάσιον
498 2160 692 2248 αὐτοῦκαὶ,
718 2163 764 2246 ὥς
787 2166 868 2256 φῄς,
900 2163 1015 2254 ἄγριον
1039 2165 1227 2258 ἄμορφόν

81 2271 172 2338 ἐστιν
195 2305 237 2318 —-
260 2261 467 2356 ἀνδρῶδες
488 2267 550 2355 γάρ
573 2307 615 2316 -
636 2270 704 2335 κτλ.
750 2270 809 2337 Ou.
825 2273 845 2336 l.
856 2273 877 2337 l.
895 2274 956 2337 846
966 2293 1052 2356 sqq.:

187 2394 247 2441 neo
269 2393 342 2440 mea
365 2372 450 2456 quod
471 2373 585 2456 rigidis
607 2374 736 2439 horrent
758 2371 951 2440 densissima
971 2377 1069 2444 saetis

189 2496 341 2561 corpora,
364 2483 481 2561 turpe
502 2481 589 2559 puta.
622 2475 724 2559 turpis
747 2475 816 2540 sine
836 2475 1004 2544 frondibus
1026 2478 1136 2564 arbor,

189 2580 290 2664 turpis
313 2597 429 2663 equus,
451 2578 514 2643 αἰεί
537 2577 622 2643 colla
642 2577 739 2644 iubae
759 2575 911 2644 flauentia
932 2581 1057 2665 uolent,

187 2683 291 2748 barba
312 2682 423 2747 uiros
445 2679 612 2764 hirtaeque
634 2679 749 2746 decent
770 2681 804 2746 in
826 2701 961 2765 corporo
982 2690 1100 2751 saetae.

80 2786 229 2853 Vidimus
257 2785 389 2869 propria
416 2781 498 2850 hacc
520 2802 591 2850 esse
614 2782 724 2849 Ouidii
751 2802 857 2866 neque
880 2804 921 2850 ex
944 2785 1116 2852 Theocrito
1145 2787 1229 2868 frag·

81 2888 241 2954 mentisue
259 2883 550 2952 Alexandrinorum
572 2884 697 2952 hausta.
734 2886 848 2969 Neque
870 2887 977 2952 aliena
999 2887 1179 2970 copulabis,
1202 2889 1230 2953 si

82 2990 279 3057 LuoIaneum
295 2987 487 3053 uocabulum
510 2989 549 3066 (o.
564 2992 595 3063 5)
618 2980 829 3073 ἀθυρμάτιον
845 3007 1017 3072 compones
1033 3006 1104 3054 cum
1121 2987 1230 3054 Ouidii

1 3123 2 3186 p
84 3089 288 3159 hemistichia
303 3108 334 3155 u.
347 3091 424 3154 834:
445 3081 514 3171 ‘qui
529 3096 634 3156 tecum
655 3088 798 3155 ludere
819 3082 956 3173 possint'
968 3125 1009 3135 -
1024 3090 1158 3155 alterum
1176 3109 1230 3155 ex-

1 3189 2 3242 f
83 3196 222 3278 primore
238 3193 372 3258 alterum
392 3198 480 3259 recte
502 3192 565 3257 iam
588 3192 738 3274 cognouit
752 3189 1014 3258 Hemsterhusius
1036 3228 1078 3238 —
1100 3193 1153 3258 uel
1175 3191 1230 3258 de·

85 3295 292 3379 scriptionem
306 3295 446 3377 regionis
461 3293 547 3358 illius
562 3291 605 3357 ad
622 3311 709 3358 mare
731 3293 822 3373 sitae,
846 3293 901 3358 ubi
923 3292 1036 3357 ludunt
1056 3292 1231 3377 nymphae,

85 3397 172 3463 unde
200 3394 419 3480 Polyphemus
449 3394 645 3461 desiderium
673 3413 764 3460 suum
791 3394 888 3459 mittit
915 3399 1041 3459 amatae
1048 3443 1057 3478 ‚
1084 3393 1231 3462 aTheo·

86 3500 166 3564 crito
189 3497 301 3581 paucis
322 3497 503 3563 absolutam
523 3496 706 3579 XI,17sq.,
729 3495 806 3562 Luc.
823 3516 849 3562 c.
864 3498 899 3560 2:
922 3491 979 3560 ἐπὶ
1001 3496 1059 3582 τῆς
1079 3488 1176 3584 Ιν’]όνος
1197 3494 1231 3562 ἒν

85 3611 157 3676 τοῖς
179 3594 333 3684 πρόποσι
354 3599 413 3684 τῆς
434 3596 580 3684 Αἴτνης,
605 3591 687 3662 καθ’
709 3593 728 3662 ὃ
750 3594 872 3680 μεταξὺ
894 3599 954 3663 τοῦ
976 3590 1074 3683 όροος
1095 3600 1151 3664 καὶ
1172 3600 1231 3682 τῆς

86 3697 260 3786 θαλάττης
283 3696 435 3784 αἰγιαλός
461 3693 789 3794 ἀπομηκύνεται,
818 3720 890 3768 eum
912 3702 1057 3768 uersibus
1080 3701 1138 3767 Ou.
1154 3708 1229 3765 met.

87 3801 178 3886 XIII,
196 3803 328 3886 778sq.:

195 3906 355 3988 prominet
376 3906 409 3970 in
432 3910 563 3988 pontum
586 3912 782 3973 cuneatus
804 3905 987 3972 acumine
1009 3903 1128 3984 longo

197 4006 302 4072 collis:
325 4013 493 4088 utrumque
515 4007 599 4074 latus
621 4005 809 4073 circumfluit
830 4004 978 4088 aequoris
1000 4001 1096 4068 unda.
