2998 4674
299 251 361 307 244
660 251 789 318 Georgius
807 250 942 304 Ricardus
960 251 1077 304 Holleud

297 425 576 508 dithyrambieum,
599 425 627 490 si
642 424 772 506 quidem
795 425 864 508 ipse
887 423 997 489 fauore
1020 425 1089 489 eius
1112 423 1231 488 fructus
1248 428 1306 504 est,
1330 442 1440 507 peper-

298 529 380 593 cisse
401 527 557 592 irrisionis
578 528 690 593 uculeo
712 527 896 611 probabile;
925 546 1028 608 neque
1058 530 1243 590 cunctanter
1272 523 1441 590 contende-

296 630 395 694 rimus
425 629 564 694 comicos
594 628 655 694 hac
682 631 715 694 in
744 627 847 710 figura
875 627 1054 694 excolenda
1083 628 1216 692 multum
1247 627 1440 707 elaborasse,

297 749 392 812 quam
409 737 556 795 ueremur
575 750 615 795 ne
635 751 732 814 supra
753 731 929 795 meretricis
951 729 1115 794 modulum
1137 750 1200 795 nou
1223 729 1358 792 multum
1381 728 1440 792 ele-

296 833 408 896 uariut.
443 830 537 908 Quod
559 852 635 896 uero
651 833 765 897 Alexis
780 838 812 897 et
826 832 1022 916 Posidippus
1037 831 1192 896 Galateae
1215 850 1332 894 nomen
1348 848 1441 910 quam

295 932 488 1019 Polyphemi
510 935 627 998 fabulis
649 934 822 999 inscribere
841 935 1029 1016 maluerunt,
1052 933 1147 998 nimis
1170 933 1320 1014 ambigua
1344 931 1380 995 fit
1403 932 1441 996 de

296 1042 481 1118 argumento
497 1055 539 1099 ex
553 1037 654 1100 titulis
676 1037 849 1102 conclusio.
886 1037 999 1118 Neque
1015 1034 1205 1099 Theocritus
1226 1035 1348 1118 primas
1371 1055 1440 1117 par-

295 1144 343 1204 tes
365 1138 549 1220 adsignauit
564 1137 718 1203 Galateae
742 1140 794 1203 uel
817 1158 946 1222 aeques,
971 1138 1029 1204 sed
1050 1138 1162 1220 paucis
1184 1137 1278 1201 lineis
1296 1134 1441 1201 defiuiuit
1490 1155 1491 1222 1

295 1240 445 1305 indolem.
489 1239 562 1304 Non
589 1245 638 1305 est
664 1241 782 1305 multus
809 1240 843 1305 in
870 1239 1082 1304 describenda
1110 1238 1273 1323 nymphae
1301 1238 1439 1321 pulchri·
1490 1285 1491 1324 ;

294 1341 415 1425 tudine,
439 1361 534 1423 quem
550 1341 605 1406 uix
624 1347 723 1407 totam
745 1343 890 1427 percepit
912 1362 1008 1407 unum
1031 1343 1182 1406 amatoris
1203 1343 1321 1405 lumen.
1361 1340 1439 1405 Can·
1490 1389 1491 1427 3

295 1443 389 1509 didus
404 1445 488 1508 nitor
504 1444 669 1526 Galateae,
692 1447 824 1530 propria
839 1446 938 1509 uirtus
961 1465 981 1508 a
1002 1445 1129 1508 nomine
1154 1443 1292 1509 deducta
1315 1447 1347 1507 et
1371 1463 1439 1508 cum
1490 1509 1491 1516 χ

294 1547 421 1611 nomine
436 1547 594 1611 artissime
615 1549 793 1631 coniuncta,
817 1567 910 1629 quem
933 1546 997 1610 iam
1019 1566 1039 1608 a
1061 1552 1189 1629 pastore
1204 1544 1340 1608 Himerii
1363 1547 1387 1627 l,
1404 1548 1438 1608 19
1490 1627 1491 1630 ¹

294 1648 419 1714 laudari
434 1648 584 1730 uidimus,
607 1650 790 1734 auspicatur
806 1650 997 1714 cantilenam
1013 1648 1168 1730 nobisque
1192 1649 1224 1712 in
1247 1649 1362 1712 itinere
1385 1667 1440 1730 per
1490 1709 1491 1734 p

295 1757 454 1834 posteram
477 1751 600 1833 poesim
624 1751 770 1817 faciendo
793 1751 921 1834 saepius
945 1750 1073 1814 obuiam
1095 1751 1164 1815 erit.
1208 1750 1438 1814 Venustissime
1490 1799 1491 1840 3

294 1857 401 1916 eutem
430 1853 658 1934 procacitatem
688 1858 719 1917 et
748 1853 954 1936 asperitatem
984 1852 1113 1935 puellae
1142 1887 1182 1895 —
1214 1850 1438 1917 sollicitudinis
1490 1911 1491 1934 ἶ

294 1952 478 2036 Cyclopeae
492 1954 715 2035 grauissimam
734 1939 863 2019 oausam
886 1989 928 1998 —
951 1952 1117 2020 denotauit
1138 1961 1236 2040 poeta
1257 1953 1296 2018 cf.
1313 1953 1372 2036 XI,
1386 1957 1437 2015 21:
1490 2005 1491 2045 ζ

455 2051 569 2136 μόσχω
593 2058 791 2140 γαυροτὲρα,
815 2057 1009 2142 φιαλωτέρα
1021 2057 1042 2134 ¹)
1065 2049 1218 2151 ὅμφακρς
1241 2047 1335 2136 siper

336 2177 365 2222 u.
379 2161 434 2221 24:
458 2155 589 2242 φεύγεις
612 2151 645 2220 d'
672 2150 787 2244 ὥσπερ
810 2153 861 2235 ὄϊς
884 2155 1005 2223 πολιὸν
1028 2156 1124 2222 λύκον
1148 2149 1340 2242 ἆθρήσασα,

292 2260 412 2325 Pemix
433 2260 578 2346 nympha
600 2261 804 2346 desperatum
830 2282 971 2328 amorem
1000 2262 1079 2326 lenti
1107 2262 1348 2344 portentosique
1377 2262 1431 2325 uiri

237 2387 239 2392 ·
293 2368 481 2447 aspernatur
496 2364 731 2447 instantemque
747 2364 931 2449 cupidinem
945 2364 1050 2429 ueloci
1066 2363 1150 2447 pede
1165 2362 1279 2446 effugit
1294 2399 1336 2408 —
1351 2364 1432 2428 tcui-
1490 2423 1491 2450 p

293 2465 369 2529 bilis
384 2465 517 2528 monstri
533 2471 635 2532 metus
650 2487 713 2532 uon
728 2469 824 2552 plane
843 2467 931 2549 orba,
957 2467 1068 2549 quales
1091 2457 1221 2549 quidem
1244 2466 1314 2530 eius
1337 2485 1435 2530 mores
1490 2553 1491 2558 ἵ

293 2567 514 2632 describuntur
541 2566 584 2631 id.
604 2568 661 2632 XI.
705 2569 808 2634 Aliter
836 2570 920 2634 enim
949 2589 1000 2635 res
1029 2568 1126 2634 habet
1156 2568 1188 2631 in
1216 2567 1259 2631 id.
1276 2567 1331 2632 Vl.
1377 2568 1436 2633 Ubi
1490 2599 1491 2606 1

292 2666 429 2733 Galatea
455 2673 574 2733 terrore
604 2669 750 2752 deposito
780 2671 917 2754 caprarii
946 2689 1041 2752 quem
1071 2675 1164 2736 uocat
1191 2672 1233 2744 111.
1252 2672 1283 2747 7)
1312 2672 1435 2736 inanem
1490 2657 1491 2660 ¹

291 2769 452 2836 flammam
475 2770 643 2834 cauillatur
664 2771 784 2855 pomis,
808 2771 962 2853 symbolis
985 2774 1130 2855 creticis,
1158 2791 1289 2855 gregem
1314 2793 1435 2838 canem·
1490 2828 1491 2864 3

293 2893 355 2957 que
377 2878 488 2958 petens
511 2871 607 2937 modo
629 2872 704 2938 hinc
726 2872 822 2938 modo
844 2873 949 2955 illiue,
978 2894 1061 2940 nunc
1082 2894 1183 2959 prope
1206 2895 1289 2940 nuuc
1317 2878 1435 2960 procul,
1490 2929 1491 2935 ,

292 2982 326 3041 ut
353 2976 449 3040 maris
477 2974 563 3040 unda
590 2976 677 3040 litori
705 2974 894 3059 adstrepens
922 2982 954 3041 et
981 2976 1144 3043 recedens.
1188 2977 1302 3058 Neque
1332 2983 1434 3042 tamen
1490 3033 1491 3040 ,

292 3099 401 3144 eornm
425 3077 567 3161 opinioni
593 3077 836 3161 subscribimus²
868 3078 922 3159 qui
949 3077 989 3142 de
1015 3079 1181 3143 immutata
1204 3078 1308 3160 mythi
1338 3080 1435 3145 forma

290 3182 324 3246 in
346 3180 491 3262 idyllVI
513 3181 664 3263 cogitant.
697 3179 866 3263 Helbigius
889 3181 983 3264 enim,
1007 3181 1061 3263 qui
1084 3183 1183 3264 symb.
1200 3179 1312 3265 philol.
1337 3182 1432 3247 Bonn.
1490 3233 1491 3240 ,

291 3283 345 3346 1.1.
368 3283 507 3366 uestigia
521 3283 706 3348 mutationis
728 3282 856 3348 fabulae
875 3282 1120 3365 diligentissime
1142 3288 1358 3367 perscrutatus
1382 3290 1431 3364 est,
1490 3337 1491 3342 ,

291 3383 405 3466 idyllio
420 3384 465 3448 VI
488 3404 559 3450 eam
582 3385 713 3452 subesse
736 3386 925 3451 sententiam
952 3393 1076 3468 censet,
1104 3391 1139 3451 ut
1168 3386 1259 3450 fauor
1282 3386 1431 3452 Galateae

292 3485 436 3566 obtingat
464 3486 681 3572 Polyphemo,
715 3489 906 3554 contrariam
935 3489 1024 3554 illam
1057 3487 1186 3571 quidem
1220 3488 1352 3571 eclogae
1379 3488 1429 3570 XI,
1490 3543 1491 3552 ,

291 3586 346 3651 ubi
368 3606 441 3669 spes
463 3595 623 3654 amantem
645 3590 775 3674 egregie
797 3591 889 3655 fallit.
933 3591 984 3656 De
1006 3592 1108 3656 altera
1129 3591 1186 3654 illa
1207 3587 1310 3672 mythi
1336 3592 1430 3656 forma
1490 3645 1491 3652 ,

289 3689 416 3773 plenius
451 3691 632 3756 testimonia
665 3691 920 3756 examinabimus
955 3699 1086 3776 postea:
1124 3692 1185 3758 hoc
1216 3693 1287 3758 loeo
1320 3701 1429 3777 poetae

290 3796 429 3857 mentem
452 3781 683 3875 archaeologus
706 3792 908 3859 doctissimus
931 3814 994 3858 non
1017 3797 1094 3861 satis
1117 3793 1243 3860 uidetur
1271 3803 1427 3862 assecutus

378 4017 400 4076 1)
419 4011 459 4066 Cf.
479 4011 610 4066 Ribbeck.
629 4027 697 4065 mus.
708 4010 794 4064 Rhcn.
809 4009 895 4076 XVII,
907 4016 956 4065 565
967 4029 1025 4080 sqq.
