2998 4674
431 247 473 302 De
490 247 654 317 Polyphemo
673 251 700 302 et
718 246 851 303 Galatea..
1149 249 1210 307 269

76 421 146 484 inter
167 426 271 485 terrae
294 417 424 486 Siculae
447 421 601 506 insiguia3
632 419 719 505 quod
748 420 833 488 idem
860 443 930 491 esse
958 428 1055 506 atque
1083 419 1210 507 ψυχρὸν

75 512 153 607 ὕδωρ
182 522 264 588 illud
292 522 336 588 id.
352 523 415 607 XI,
432 528 471 588 47
496 544 537 591 en
557 524 683 592 Aetnae
708 527 824 592 montis
853 525 991 593 eandida
1017 527 1093 590 niue
1114 526 1210 609 Poly-

74 624 182 708 phemo
205 624 379 692 demissum
401 645 464 691 non
486 627 645 694 oredimus
661 628 828 694 Vincentio
847 628 971 694 De-Vit
992 629 1026 692 in
1039 626 1209 693 Foroellin.
1234 621 1238 634 '

73 728 127 792 lex.
143 748 167 793 s.
179 748 210 793 u.
219 717 335 811 ‘Aeis',
359 729 436 810 quia
449 729 482 794 in
496 736 587 796 antro
602 730 673 797 fons
687 730 814 797 uidetur
834 729 1079 814 intellegendus,
1103 748 1211 811 quam-

74 850 159 912 quam
184 831 234 896 uir
257 829 369 896 doetus
397 850 573 913 prouocare
600 839 728 916 poterat
755 833 797 899 ad
825 833 1029 917 prouerbium
1052 852 1072 916 a
1093 852 1211 916 magno

72 931 179 1015 frigore
196 930 291 998 huius
306 931 396 998 fluuii
412 932 591 1000 deriuatum
606 935 701 1018 Diog.
714 935 755 1019 H,
769 939 825 999 74:
853 917 946 1009 Ἅκις
960 929 1130 1014 ααναμός·
1154 929 1211 996 ἐπὶ

72 1036 128 1098 τῶν
150 1027 234 1118 ἄγαν
257 1035 405 1119 ψυχρῶν.
441 1032 569 1121 ψυχρὸς
596 1033 659 1120 γάρ
687 1033 777 1102 ἐστιν
800 1027 897 1113 οὗτος
927 1037 965 1103 of.
989 1035 1089 1102 Solin.
1112 1057 1143 1120 p.
1160 1040 1211 1118 56,

74 1138 162 1220 18sq.
177 1138 238 1203 lt:
269 1130 418 1204 ‘Aoidem
447 1140 594 1220 quamuis
623 1138 790 1208 dimissum
819 1142 924 1206 Aetna
952 1139 1060 1206 nullus
1092 1138 1211 1221 frigore

71 1229 248 1307 anteuertit'
270 1242 311 1318 (u.
335 1240 517 1307 testimonia
539 1240 580 1308 de
594 1241 697 1308 Aoide
719 1242 807 1326 apud
827 1242 934 1309 Holm.
951 1240 1024 1308 hist
1040 1240 1130 1307 Sieil.
1146 1247 1211 1306 ant.

70 1341 84 1404 Ι
102 1363 130 1425 p.
144 1345 228 1420 339).
260 1333 436 1409 ‘Herbifer'
454 1349 562 1409 autem
576 1343 654 1410 Aois
669 1352 718 1411 est
733 1344 850 1411 Ouidio
874 1345 944 1410 fast.
959 1343 1014 1426 IV,
1027 1345 1106 1426 468;
1129 1363 1211 1426 quae

71 1445 170 1510 omnia
183 1451 260 1510 ante
272 1446 381 1511 oeulos
396 1451 518 1529 ponunt
531 1452 703 1512 torrentem
718 1448 800 1512 inter
814 1467 895 1513 saxa
910 1446 1029 1512 exfonte
1044 1446 1212 1528 prosilien-

71 1554 126 1612 tem
140 1548 193 1624 (of.
207 1546 351 1614 Eustath.
367 1567 398 1630 p.
410 1550 502 1632 1053,
515 1549 602 1634 leq.)
615 1549 829 1632 frigidamque
845 1551 904 1616 sub
919 1567 1084 1615 nemorum
1099 1549 1213 1614 umbra

71 1669 180 1732 aquam
192 1651 215 1728 ¹)
239 1656 429 1716 seruantem.
465 1649 673 1717 Fortassean
687 1651 797 1736 lapide
817 1653 918 1719 mirae
940 1652 1061 1717 formae
1085 1669 1212 1716 emana-

70 1752 118 1817 bat
137 1752 293 1836 limpidus
308 1754 389 1835 fons,
413 1753 502 1818 ouius
517 1754 564 1818 rei
580 1773 709 1820 oausam
724 1775 882 1838 quaerens
896 1755 1009 1838 populi
1024 1753 1211 1836 imaginatio

71 1852 146 1921 huno
176 1875 334 1922 conexum
358 1854 526 1937 oonfinnit3
556 1856 642 1938 quod
663 1863 699 1922 ut
720 1864 876 1924 statuatur
898 1855 1012 1923 suadet
1034 1855 1212 1939 diligentia,

71 1978 126 2039 qua
141 1959 233 2042 origo
249 1959 325 2023 noui
339 1956 430 2023 fluuii
452 1959 493 2024 ab
509 1958 627 2026 Ouidio
650 1959 843 2048 depingitur.
879 1959 917 2024 ln
940 1959 1113 2025 continenti
1136 1979 1212 2024 uero

71 2060 270 2144 cogitandum
300 2079 371 2126 esse
400 2080 513 2126 sanum
543 2083 563 2128 a
588 2061 789 2146 Polyphemo
817 2059 850 2128 in
871 2061 1008 2128 Aoidem
1036 2062 1212 2127 immissum

70 2162 134 2245 ipsa
147 2183 202 2230 res
216 2168 380 2246 monstrat,
399 2164 555 2245 *quoniam
569 2164 602 2229 in
617 2165 720 2248 litore,
743 2166 799 2231 ubi
814 2166 873 2231 sub
888 2183 968 2247 rupe
991 2183 1062 2229 oum
1076 2162 1213 2229 Galatea

69 2264 210 2350 latuerat,
234 2265 375 2346 obruitur
391 2264 559 2350 Symaethi
573 2286 683 2350 nepos.
718 2265 825 2344 Quare
846 2266 955 2332 neseio
967 2285 1019 2330 au
1040 2285 1104 2330 non
1127 2271 1213 2332 reete

70 2387 142 2434 saxa
157 2368 341 2434 etiamnunc
357 2387 397 2433 ex
413 2388 552 2451 aequore
567 2369 740 2435 eminentia
754 2375 789 2434 ut
806 2370 840 2433 in
854 2368 985 2436 Ulixem
1007 2369 1053 2433 ita
1074 2369 1108 2433 in
1128 2369 1212 2433 riua-

69 2469 126 2535 lem
147 2491 169 2536 a
192 2468 334 2555 Cyclope
362 2473 447 2537 iaeta
472 2469 672 2537 oontenderit
693 2469 730 2537 0.
746 2469 827 2536 Iahn
849 2471 870 2534 l.
887 2470 907 2534 l.
931 2490 962 2553 p.
976 2472 1037 2532 412
1060 2469 1169 2537 adnot.
1183 2475 1211 2535 7.

69 2569 258 2656 Popularem
276 2579 383 2638 autem
406 2573 434 2639 si
455 2574 646 2639 arbitramur
667 2573 809 2640 fabulam
831 2573 926 2639 istam
948 2573 1046 2639 fuisse
1068 2574 1118 2638 illi
1141 2575 1213 2640 looo

69 2674 256 2760 adligatam,
279 2683 393 2757 parum
415 2677 484 2742 ueri
507 2683 555 2742 est
577 2677 681 2743 simile
703 2677 809 2761 ipsum
825 2674 977 2742 Ouidium
999 2674 1062 2741 hae
1084 2695 1125 2742 ex
1147 2697 1213 2742 me-

20 2791 21 2852 ss
69 2779 167 2842 moria
189 2797 279 2843 suam
300 2779 466 2843 materiam
488 2778 643 2845 hausisse.
688 2780 793 2865 Atque
821 2786 917 2844 antea
943 2777 1075 2860 quidem
1104 2782 1213 2842 notam

20 2911 21 2926 ι
70 2877 165 2946 fuisse
188 2879 340 2946 fabellam
362 2881 441 2946 uiris
457 2878 561 2948 dootis
584 2880 729 2947 diuinare
752 2883 854 2965 magis
877 2901 973 2964 quam
995 2879 1213 2944 demonstrare

20 3029 21 3036 .
69 2979 141 3047 litet
158 3001 199 3046 ex
220 2979 319 3048 schol.
336 2979 471 3047 Theoer.
487 2982 513 3067 I,
529 2987 587 3047 69:
609 2967 699 3059 Ἅκις
722 2982 758 3047 δὲ
780 2979 874 3067 παρὰ
896 2978 934 3046 τὸ
959 2972 1049 3044 datto
1071 2975 1213 3043 ἐοικέναι

70 3078 106 3144 τὰ
130 3080 287 3169 ῥεύματα.
320 3081 554 3170 Νυμφόδωρος
576 3082 610 3151 ἐν
624 3085 673 3170 τῷ
683 3086 768 3171 Περὶ
784 3084 937 3158 Σικελίας
950 3078 1214 3164 θαυμαζομένων

71 3189 185 3272 φησίν,
215 3175 268 3251 ὅτι
295 3181 353 3249 ἐπὶ
374 3183 549 3274 Δάφνιδος
570 3170 659 3264 Ἅκις
687 3183 841 3268 ποταμὸς
862 3185 1015 3261 Σικελίας
1044 3175 1102 3248 οὐκ
1129 3167 1214 3269 dolf).

71 3287 199 3372 Detegit
219 3289 317 3372 igitur
330 3289 581 3374 Nymphodorus
597 3309 737 3356 errorem
752 3288 927 3372 Theocriti,
950 3289 1006 3371 qui
1020 3288 1113 3353 Aoim
1132 3288 1215 3352 inter

71 3389 198 3458 Siciliae
227 3390 341 3459 fluuios
372 3392 528 3475 laudarit,
561 3394 747 3477 priusquam
777 3397 919 3458 exstaret
947 3389 1043 3457 huius
1076 3391 1214 3456 nominis

72 3496 180 3562 amnis.
224 3493 319 3572 Quod
346 3515 410 3560 non
431 3501 538 3579 potest
559 3494 674 3561 fecisse
695 3494 758 3561 nisi
780 3514 877 3561 eausa
898 3492 1012 3560 addita
1032 3500 1120 3560 ratus
1142 3514 1214 3578 pro·

155 3684 179 3744 1)
197 3679 361 3733 Etiamnunc
379 3679 500 3733 seruauit
512 3678 651 3748 antiquam
664 3683 788 3734 naturam
802 3679 868 3734 Acis
881 3678 962 3734 hodie
979 3673 1083 3748 ‘Aeque
1099 3670 1213 3731 Grandi'

72 3763 236 3828 nominatus,
260 3778 338 3832 quem
355 3777 390 3818 ex
406 3780 496 3820 massa
513 3763 661 3833 sulphurea
677 3765 802 3833 prosilire
819 3765 875 3820 lato
891 3765 1004 3820 flumine
1021 3767 1048 3819 et
1064 3761 1136 3815 mille
1153 3766 1214 3812 tan·

72 3855 125 3902 tum
141 3865 272 3918 passuum
289 3864 372 3903 cursu
388 3854 499 3918 peraeto
516 3851 544 3904 in
561 3865 635 3904 mare
651 3851 790 3906 incurrere
807 3856 901 3905 narrat
913 3848 1036 3905 Holmius
1047 3847 1091 3900 l.l.
1106 3845 1119 3898 1
1132 3860 1159 3913 p.
1171 3847 1212 3897 27.

153 3937 179 3998 2)
197 3933 315 3989 Textum
332 3934 453 3991 dedimus
470 3949 503 3988 ex
520 3933 660 3989 Duebneri
677 3936 883 3999 constitutione,
907 3950 986 4004 quam
1009 3929 1149 3999 amplexus
1173 3936 1214 3984 est

72 4018 215 4075 Muellerus
233 4019 266 4074 fr.
277 4021 339 4076 hist.
350 4021 396 4075 Gr.
406 4018 433 4073 II
450 4037 477 4088 p.
488 4022 546 4073 376.
