2998 4674
437 271 478 324 De
495 273 658 342 Polyphemo
678 279 705 326 et
722 273 845 328 Galatea.
1153 275 1212 334 237

69 463 104 508 eo
127 445 287 526 peruenit,
312 449 347 509 ut
362 445 435 510 aliis
451 465 485 510 se
504 446 622 528 puellis
644 467 707 512 non
729 453 795 512 tam
817 446 1088 514 reformidandum
1112 447 1216 514 uideri

68 545 232 611 credat-
249 566 313 610 non
327 547 526 629 perspiciens
541 548 676 614 stolidus
691 569 780 633 puer,
805 555 923 632 quanto
945 550 1029 614 lusui
1051 550 1091 615 iis
1108 550 1158 632 sit,
1174 584 1214 594 -

68 655 98 712 ct
121 669 195 713 cum
218 650 378 732 grauitate
399 647 499 714 addat
521 649 736 735 spondeorum
758 651 901 736 pondere
922 657 1032 717 aucta:

197 748 309 834 δῆλον,
333 740 386 813 ὅτ’
412 746 445 813 ἓν
466 753 510 837 τᾷ
530 752 573 837 γᾷ
594 743 700 837 tripede
721 775 773 828 τις
796 756 962 839 φαίνομαι
984 747 1080 817 εἶναι.

67 853 246 936 Praecipue
269 872 346 918 uero
367 851 605 937 pulchritudine
635 875 693 920 sua
720 856 864 940 superbit
893 855 937 920 id.
953 856 1013 938 Vl,
1042 855 1097 919 ubi
1119 853 1214 920 Gala-

67 961 138 1020 tcae
154 974 298 1020 amorem
313 974 465 1037 spernens
483 954 653 1040 inducitur,
676 977 748 1022 oum
769 959 902 1024 nimium
924 960 973 1024 sui
996 958 1098 1023 cultor
1119 963 1215 1040 atque

66 1063 191 1122 amator
213 1058 247 1122 in
269 1057 434 1138 tranquilli
458 1060 555 1124 maris
577 1060 708 1143 speculo
724 1059 864 1143 effigiem
885 1066 1009 1144 spectat
1032 1079 1082 1124 uu.
1097 1062 1215 1142 34sqq.

65 1179 171 1241 neque
186 1179 323 1242 usquam
338 1157 551 1226 uiuidicribus
567 1162 726 1228 coloribus
742 1162 926 1248 depingitur
946 1162 1130 1244 ludibrium,
1153 1181 1216 1244 quo

67 1261 251 1346 cyclopeae
275 1262 397 1327 formae
420 1269 570 1330 uenustas
593 1272 625 1330 et
646 1284 667 1329 a
688 1264 825 1330 Galatea
847 1271 879 1331 et
901 1286 920 1329 a
942 1265 1123 1348 pastoribus
1145 1283 1216 1347 per-

66 1366 242 1448 stringitur.

153 1467 213 1532 His
236 1468 268 1532 in
292 1470 432 1534 moribus
456 1467 675 1534 describendis
699 1467 889 1534 Theocritus
914 1469 1068 1551 pleraque
1091 1488 1149 1533 suo
1175 1488 1216 1534 ex

65 1570 198 1652 ingenio
226 1589 363 1636 nouasse
393 1570 570 1636 censendus
600 1570 675 1634 erit:
704 1571 737 1634 iu
766 1575 898 1635 externo
929 1569 1040 1635 habitu
1063 1569 1215 1654 Cyclopis

65 1672 227 1754 rebusque
251 1670 436 1738 domesticis
459 1673 501 1738 ad
525 1671 808 1740 consummandam
831 1672 1003 1754 imaginem
1026 1672 1216 1737 necessariis

66 1781 98 1838 et
121 1774 345 1840 Alexandrina
366 1782 434 1841 arte
457 1797 521 1841 non
543 1776 646 1840 minus
669 1794 764 1858 quam
787 1779 894 1839 cetera
921 1773 1090 1840 delineatis
1118 1772 1216 1838 tradi-

66 1883 133 1939 tam
154 1881 281 1942 secutus
298 1884 347 1942 est
364 1878 499 1944 formam
520 1898 561 1943 ne
585 1876 637 1942 hic
660 1876 791 1959 quidem
813 1876 945 1960 proprio
967 1877 1096 1960 ingenio
1119 1875 1216 1940 desti-

66 1985 163 2044 tutus.
209 1979 341 2044 Habitat
364 1978 582 2065 Polyphemus
605 1981 637 2044 in
660 1977 751 2045 antro
774 1980 833 2045 sub
853 1979 957 2044 Aetna
970 1979 991 2054 ¹)
1015 1985 1122 2044 monte
1144 1980 1216 2061 sito,

67 2083 160 2147 cuius
183 2082 409 2147 amoenitatem
433 2083 572 2148 illustrat
592 2082 650 2166 XI,
664 2087 781 2165 lbsqq.
818 2080 966 2146 Redeunt
988 2082 1069 2144 lauri
1084 2081 1218 2146 Homeri

65 2184 125 2266 XI,
144 2188 199 2265 45,
230 2204 350 2266 querna
370 2186 459 2268 ligna
482 2206 511 2249 u.
529 2189 563 2248 ot
592 2186 712 2268 (Hurip.
729 2184 817 2267 (lycl.
836 2185 924 2265 383),
955 2203 1015 2247 neo
1038 2182 1130 2248 deest
1154 2176 1217 2263 dp-

66 2286 172 2360 πελος
196 2279 216 2347 ἆ
238 2283 465 2370 γλυκύκαρπος
488 2288 553 2351 iam
575 2286 745 2351 Homerico
769 2285 904 2369 Cyclopi
931 2285 1075 2369 cognita,
1099 2286 1218 2366 quain

2 2408 6 2455 ;
65 2410 101 2454 re
124 2387 310 2472 Euripidem
334 2388 514 2454 declinasse
536 2388 693 2471 uidimus;
717 2385 839 2452 hedera
860 2387 893 2452 iu
916 2393 1007 2452 antro
1023 2385 1218 2470 Polyphemi

66 2491 254 2555 memoriam
283 2492 401 2573 repetit
428 2510 615 2556 coronarum
643 2488 892 2555 hederacearum
922 2489 1010 2574 apud
1035 2488 1217 2572 Syncsium,

67 2600 99 2657 et
123 2599 196 2657 sunt
218 2613 259 2657 ex
283 2592 403 2658 hedera
425 2594 510 2659 facta
532 2593 648 2676 pocula
668 2592 760 2658 Hom.
777 2591 837 2657 Od.
854 2592 912 2675 IX,
927 2594 988 2656 346
1012 2589 1217 2674 (κισσύβιον),

66 2696 143 2759 Eur.
160 2694 250 2777 Cycl.
267 2697 329 2758 390
357 2692 494 2780 (σκύφος
515 2696 653 2773 κισσοῦ).
698 2695 838 2759 Maxime
867 2694 948 2759 illnd
977 2691 1105 2778 ψυχρὸν
1128 2685 1217 2777 ὕδωρ

0 2879 1 2882 ¹
67 2797 109 2862 de
127 2818 184 2863 suo
200 2796 365 2863 addidisse
381 2798 545 2863 bucolicus
568 2796 800 2863 existimandus
824 2798 892 2880 erit,
915 2818 955 2863 ne
979 2797 1107 2863 deesset
1129 2818 1215 2862 ama-

1 2897 2 2963 l
68 2907 121 2964 tae
144 2919 209 2982 quo
231 2899 387 2983 gauderet
408 2900 545 2982 frigidae
567 2920 671 2982 aquae
693 2902 866 2965 lauaorum.
902 2899 939 2964 In
962 2900 1096 2982 siugulis
1120 2899 1218 2981 igitur

1 3057 2 3094 3
68 3004 164 3068 rebus
181 3001 356 3067 Homerum
371 3020 482 3084 presse
497 3008 625 3068 secutus
643 3009 740 3085 poeta
762 3002 965 3069 amoenitatis
987 3009 1020 3066 et
1043 2999 1216 3066 commodi·

1 3099 2 3174 Ϊ
69 3106 144 3170 tatis
167 3103 372 3169 dulcedinem
394 3102 520 3169 uidetur
541 3104 673 3170 finxisse
695 3125 758 3169 non
781 3106 850 3170 sine
873 3104 1027 3168 memoria
1042 3101 1216 3185 Euripidis,

69 3206 361 3273 Alexandrinorum
377 3208 571 3291 exemplaris
586 3205 728 3272 nondum
749 3207 827 3271 satis
849 3205 1019 3286 aestimati,
1042 3205 1098 3286 qui
1120 3203 1218 3270 buco-

1 3303 2 3306 ’
71 3309 124 3374 1ἰοί
148 3310 265 3374 coloris
290 3311 439 3394 proponit
462 3311 649 3390 imaginem:
679 3308 853 3392 Cyclopem
884 3307 916 3370 in
944 3311 1036 3371 antro
1065 3309 1139 3390 igne
1165 3328 1216 3372 ao-

1 3429 2 3464 t
71 3432 167 3478 censo
190 3412 231 3476 de
254 3418 444 3495 tempestate
473 3431 618 3477 securum
647 3430 698 3474 uu.
716 3412 876 3492 329sqq.‚
906 3429 1001 3491 quem
1028 3410 1135 3475 locum
1162 3410 1217 3475 ob·

75 3520 236 3580 uersatum
258 3534 329 3580 csse
352 3513 524 3579 Theocrito
547 3511 818 3593 contenderimus,
848 3531 920 3576 cum
949 3510 992 3575 id.
1014 3511 1076 3595 IX,
1097 3516 1133 3575 15
1147 3532 1216 3595 sqq.

74 3615 208 3682 Aetnaei
232 3617 370 3701 pastoris
392 3615 518 3682 dulcem
541 3616 681 3697 quietem
704 3612 903 3698 depingeret.

156 3719 265 3784 Pascit
279 3717 497 3802 Polyphemus
513 3718 601 3783 mille
619 3717 770 3802 pecudes,
794 3737 873 3800 quas
897 3723 929 3782 et
950 3738 1027 3784 oues
1051 3724 1083 3782 et
1105 3735 1217 3801 capras

77 3820 354 3904 comprehendisse
377 3818 551 3886 secundum
574 3820 748 3885 Homerum
772 3821 1011 3903 colligeremus,
1041 3820 1102 3883 nisi
1131 3817 1218 3900 apud

162 3977 185 4033 ll
203 3971 259 4025 Suo
277 3970 334 4025 iure
352 3969 504 4022 Meinehius
523 3970 558 4023 ad
574 3969 610 4022 id.
623 3969 682 4038 VH,
695 3976 741 4024 151
760 3970 867 4023 uidetur
888 3968 1048 4023 sollicitasse
1066 3965 1150 4020 uerba
1167 3964 1218 4019 τίν

79 4050 140 4106 ποτ’
158 4051 268 4120 ’nodum
286 4056 304 4107 1.
315 4055 347 4120 l.,
366 4070 419 4122 quo
438 4053 544 4107 nomine
561 4053 728 4108 subobscure
745 4053 925 4122 Polyphemus
943 4051 1122 4119 insigniretur.
