3028 4672
302 257 365 316 174
665 257 797 328 Georgius
814 257 950 314 Ricarduu
968 257 1085 315 liuhand

301 429 483 497 dubitamus
498 430 575 512 quin
590 449 653 496 non
674 431 797 514 primus
819 432 1031 516 proposuerit.
1065 433 1124 498 Est
1146 431 1236 496 euim
1258 437 1294 498 ut
1316 431 1441 498 uidimus

300 535 422 596 tantum
444 550 508 597 non
533 531 704 598 manifesta
729 532 764 597 in
790 532 982 615 quibusdam
1010 534 1107 600 rebus
1134 533 1276 600 imitatio
1304 534 1440 617 priorum

299 633 400 699 ueluti
422 637 557 700 taetram
579 634 689 716 gulam
714 632 757 699 ad
778 631 1007 718 Epicharmum
1036 636 1089 700 uel
1112 635 1280 701 Cratinum
1302 653 1440 700 reuocare

299 734 491 818 poterimus,
525 734 662 802 tortasse
690 734 733 800 ad
760 734 914 802 Aristiam
940 735 1160 826 uinuleutiam.
1212 736 1327 819 Neque
1357 736 1440 802 nimis

298 834 456 902 audaoem
472 855 543 902 esse
557 842 707 921 putamus
724 836 948 920 coniecturam,
971 856 1014 902 ex
1029 856 1093 919 qua
1110 835 1366 921 philosophandi
1386 842 1438 904 stu·

300 937 399 1020 dium,
421 956 486 1002 non
507 938 612 1020 ipsam
632 936 874 1022 philosophiam
887 937 964 1004 inde
979 938 1021 1005 ab
1036 938 1234 1022 Epicharmo
1252 941 1286 1004 iu
1302 938 1439 1022 Cyclopis

300 1059 411 1105 sunum
426 1044 459 1104 et
472 1039 660 1121 sanguinem
682 1040 721 1114 (si
739 1038 870 1122 quidem
892 1038 991 1104 habet
1011 1041 1139 1124 poetica
1160 1040 1267 1124 figura
1288 1059 1394 1107 sucum
1413 1043 1439 1103 et

299 1141 500 1224 sanguinem)
522 1141 568 1204 ita
582 1139 701 1206 abiisse
717 1141 894 1224 opinamur,
916 1145 953 1205 ut
968 1159 1010 1206 ne
1025 1141 1198 1226 Euripides
1223 1141 1354 1226 quidem
1375 1141 1437 1206 doe-

298 1248 366 1308 tum
389 1243 419 1308 ei
442 1261 620 1308 sermonem
642 1242 789 1308 subicere
811 1242 980 1307 omitteret.

384 1343 569 1409 hhaotatum
583 1360 655 1408 esse
670 1349 891 1426 argumentum
906 1342 947 1409 de
963 1362 1027 1425 quo
1043 1342 1179 1410 dioimus
1195 1345 1231 1410 in
1245 1345 1320 1411 aliis
1335 1343 1438 1410 fabulis

298 1445 446 1529 satyricis
467 1445 557 1510 nulla
578 1445 643 1510 iam
665 1449 793 1510 exstant
814 1445 998 1511 testimonia
1009 1446 1041 1523 1).
1079 1443 1286 1529 Quamquam
1306 1445 1438 1510 lubenter

297 1566 396 1613 unum
417 1566 546 1613 uersum
567 1546 610 1612 ad
631 1545 694 1614 hoo
715 1547 918 1631 potissimum
940 1564 1042 1628 genus
1063 1547 1245 1628 relegemus
1274 1548 1437 1612 trimetrum

297 1649 471 1715 iambicum
493 1654 655 1715 seruatum
677 1669 698 1714 a
718 1649 862 1716 Zenobio
883 1648 909 1729 I,
925 1649 980 1710 9⁶2:

384 1737 424 1815 ίίν
447 1743 537 1815 οἶνον
560 1747 644 1834 αἰτῇ,
666 1746 824 1814 κόνδυλον
848 1739 938 1830 αὐτῷ
961 1745 1071 1831 δίδου,
1102 1749 1157 1831 qui
1179 1750 1275 1816 addit
1305 1745 1437 1812 ἐπὶτῶν

297 1842 413 1932 ἀγαθὰ
438 1847 499 1931 μὲν
521 1846 713 1930 αἰτούντων,
737 1845 829 1915 δεινὰ
852 1846 888 1912 δὲ
910 1846 1157 1932 λαμβανόντων.
1193 1845 1241 1916 Ἡ
1260 1848 1296 1915 δὲ
1318 1847 1436 1930 ἱστορία

297 1942 365 2014 dno
382 1951 442 2014 τοῦ
456 1947 652 2030 Κύκλωπος,
675 1948 827 2036 παρόσον
850 1946 990 2035 αἰτήσας
1013 1945 1103 2016 οἶνον
1124 1947 1184 2016 τὸν
1202 1943 1365 2018 Ὀδυσσέα
1380 1949 1436 2011 τῶν

295 2043 487 2138 ὀφθαλμῶν
503 2047 679 2138 ἐστερήθη.
707 2042 869 2116 Ὀδυσσέα
890 2048 952 2138 γὰρ
975 2049 1009 2116 ἒν
1026 2054 1073 2136 τῴ
1096 2053 1255 2139 σπηλαίῳ
1277 2044 1436 2130 κατασχών

295 2148 313 2220 ὅ
341 2151 493 2239 Κύκλωψ
520 2155 576 2219 καί
604 2149 682 2229 τοὺς
711 2149 863 2238 ἑταίρους
897 2145 998 2218 αὐτοῦ
1027 2144 1212 2239 ἀρξάμενος
1244 2155 1433 2224 κατεσθίειν,

296 2251 386 2322 οίνον
402 2249 488 2342 παρ’
508 2249 609 2322 αἰτοῦ
631 2251 743 2339 λαβών
765 2251 841 2320 ἔπιε
862 2255 918 2320 καὶ
940 2251 1062 2342 ταύτην
1085 2248 1175 2340 αὗταί
1196 2253 1258 2342 τὴν
1276 2254 1371 2342 χάριν
1391 2249 1434 2315 δί-

296 2356 399 2424 δωσιν
412 2349 556 2423 ὕστατον
571 2348 672 2422 αὐτὸν
686 2368 907 2444 καταφαγεῖν·
929 2358 1119 2440 μεθυσθείς
1142 2356 1179 2422 δὲ
1200 2355 1288 2442 μετὰ
1302 2354 1338 2422 τὸ
1353 2363 1433 2420 πιεῖν

294 2460 350 2524 καί
371 2453 554 2526 ὑπνώττων
568 2449 654 2544 παρ’
673 2454 798 2525 ἐκείνου
814 2456 1041 2546 ἑξετοφλώθη.
1074 2461 1239 2544 Integram
1261 2459 1354 2526 huius
1374 2473 1433 2521 uer·

295 2562 388 2628 siouli
419 2561 554 2627 formam
581 2560 709 2626 uidetur
738 2560 892 2627 exhihere
920 2561 1019 2628 schol.
1035 2563 1131 2629 Arist.
1148 2583 1221 2646 pao.
1241 2562 1390 2628 1231tau.
1407 2559 1434 2618 et

294 2663 374 2728 Ven.
389 2662 442 2739 (D.
457 2682 488 2745 p.
501 2661 601 2744 1741),
615 2662 677 2744 53),
701 2663 756 2726 ubi
778 2681 837 2744 pro
859 2659 1016 2727 κόνδυλον
1038 2664 1156 2747 legitur
1172 2665 1308 2748 pluralis
1330 2651 1433 2724 κονδύ-

295 2763 372 2840 λους
399 2764 551 2829 metricae
577 2763 644 2844 legi
666 2761 880 2846 respondens,
909 2781 1006 2845 quam
1028 2763 1090 2832 hoo
1112 2766 1145 2830 in
1166 2765 1339 2848 prouerbio
1365 2775 1434 2844 pau·

294 2867 386 2932 latim
415 2865 584 2932 euanuisse
613 2883 655 2929 ex
683 2864 787 2930 altera
814 2864 918 2930 forma
945 2865 1022 2932 lioet
1049 2866 1160 2950 colligi
1189 2888 1210 2932 a
1233 2866 1347 2934 Veneti
1373 2859 1433 2928 solo

294 2968 469 3035 soholiasta
490 2967 604 3033 allata:
931 3040 933 3050 ⁴
1402 2971 1404 2976 ’

337 3067 368 3135 εἰ
390 3067 426 3134 δὲ
448 3063 539 3134 οίνον
563 3065 664 3147 αἰτεῖ,
687 3063 845 3131 κόνδυλον
868 3058 959 3152 αὐτῷ
982 3066 1040 3145 δός
1061 3069 1113 3147 (Ι).
1129 3065 1395 3154 p.174b‚48sq.).

292 3171 518 3256 Aristophanis
540 3176 650 3237 autem
671 3170 865 3238 soholiastae
888 3189 960 3237 oum
982 3170 1162 3255 adponant:
1192 3164 1278 3257 ὑπὲρ
1293 3169 1351 3233 τοῦ
1365 3162 1432 3228 ἐθί-

294 3271 360 3352 ζειν
387 3269 465 3348 τούς
492 3270 620 3348 παῖδας
647 3269 749 3358 μηδὲν
771 3295 805 3337 τι
826 3267 984 3358 περιττὸν
1009 3269 1113 3337 αἰτεῖν
1139 3269 1271 3360 (ζητεῖν)
1300 3264 1430 3349 Bergkio

208 3408 211 3413 ·
293 3380 378 3461 poet.
393 3375 452 3457 lyr.
466 3373 520 3439 Gr.
535 3375 606 3439 ΠΙ4
627 3395 659 3459 p.
673 3378 734 3438 610
756 3373 1055 3459 paroemiographi‚
1075 3367 1145 3457 ‘qui
1166 3375 1249 3442 haee
1270 3373 1312 3440 ad
1327 3367 1430 3454 Oyolo·

292 3477 344 3560 pis
366 3475 507 3540 fabulam
530 3475 727 3558 rettulerunt,
751 3478 879 3543 omnino
895 3476 1041 3544 dootrina
1055 3475 1204 3543 uidentur
1217 3469 1430 3558 intempestiue

292 3578 343 3644 usi
366 3566 464 3642 esse'.
502 3574 569 3641 Sed
589 3576 742 3642 miramur
764 3577 845 3644 duas
867 3597 918 3644 res
940 3579 1023 3644 inter
1045 3598 1080 3645 se
1103 3585 1314 3645 oommutasse
1336 3572 1430 3639 uirum

293 3689 499 3700 ....-----—

380 3747 404 3810 1)
422 3741 555 3811 Lepidum
569 3741 623 3795 fuit
639 3741 779 3796 inuentum
792 3741 944 3796 Timanthis
961 3743 1073 3811 pictoris
1091 3744 1269 3814 satyricarum
1285 3737 1428 3794 fabularum

291 3828 419 3884 memoria
436 3827 554 3882 fortasse
571 3827 730 3892 excitatum,
756 3827 801 3894 qui
819 3827 996 3882 dormientem
1014 3827 1158 3898 Cyclopem
1175 3830 1204 3883 in
1221 3826 1321 3884 tabella
1337 3829 1427 3892 propo·

291 3929 357 3969 uena
374 3911 584 3982 magnitudinem
596 3911 635 3965 ita
647 3911 786 3979 expressit,
804 3914 836 3966 ut
853 3905 968 3982 ‘satyros
982 3911 1075 3983 thyrso
1086 3914 1212 3983 pollicem
1224 3913 1280 3969 eius
1297 3903 1429 3964 merientes

290 3996 367 4052 iuxta
384 3994 518 4068 pingeret’
538 3996 572 4052 of.
585 3996 654 4052 Plin.
664 4013 690 4052 n.
701 3996 727 4050 h.
737 3995 849 4064 XXXV,
860 4001 901 4051 74.

1004 4146 1026 4182 U
