2998 4674
477 255 519 307 De
536 253 700 322 Polyphemo
717 259 746 308 at
762 253 884 308 Galatea.
1191 254 1250 312 251

10 441 12 508 j
104 430 182 496 cina
200 424 400 512 (φάρμακον)
422 449 443 492 a
457 428 556 494 Musis
577 426 718 511 petenda
738 434 911 512 comparat.
948 429 1084 510 Propria
1105 449 1181 495 uero
1204 435 1253 496 est

103 533 209 596 uirtus
224 531 367 596 Bioncae
389 531 575 612 sentcntiae,
599 528 683 612 quod
707 529 886 597 distinctius
905 530 1056 614 exprimit
1069 530 1197 596 Amoris
1221 538 1253 597 et

10 713 12 718 ,
103 635 271 700 Musarum
299 633 437 699 inuicem
466 653 502 698 se
530 631 764 698 subleuantium
792 633 958 698 rationem.
1009 633 1139 699 Excitat
1167 634 1252 698 eninr

103 757 198 802 amor
219 735 361 800 musicae
381 736 459 800 artis
485 733 639 816 studium,
668 734 754 817 quod
782 754 889 800 rursus
916 755 1058 801 amorem
1087 737 1195 819 placat
1221 743 1253 802 et

11 853 12 908 l
102 843 232 904 aestum
255 837 388 919 mitigat.
422 835 517 914 Quod
532 842 682 920 expertus
697 835 914 919 Polyphemus
928 837 1090 902 Musarum
1113 838 1175 904 sibi
1197 859 1252 902 ex-

102 941 190 1024 petit
211 941 370 1021 fauorem,
400 959 484 1021 quae
506 939 658 1005 Amorem
687 938 880 1022 adimant1),
911 940 1117 1006 subleuamcn
1145 946 1252 1005 autem

103 1041 233 1107 ardoris
254 1044 431 1125 praebeant
452 1047 589 1108 cantum.
632 1040 788 1126 Adprimc
817 1041 957 1108 faciebat
985 1041 1066 1110 haec
1095 1043 1253 1109 sententia

12 1135 13 1182 l
102 1144 150 1208 ad
172 1143 313 1210 Bioneae
336 1145 444 1228 poesis
465 1163 583 1227 genus,
612 1144 698 1225 qnod
725 1145 880 1210 creticum
906 1143 1009 1227 magis
1038 1143 1128 1210 dicas
1157 1165 1253 1227 quam

103 1246 300 1328 bucolicum,
322 1246 365 1311 ad
380 1247 508 1312 Amoris
523 1244 578 1311 dei
594 1264 766 1329 personam
788 1267 944 1330 casusque
965 1245 1057 1314 fictos
1078 1248 1253 1330 praecipue

14 1406 15 1440 3
103 1353 267 1431 spectans,
291 1350 380 1414 cuius
395 1349 563 1416 saeuitiam
578 1352 610 1413 et
624 1349 853 1431 procacitatem
868 1350 1020 1431 conqueri
1041 1369 1105 1415 non
1127 1348 1253 1416 desistit

13 1441 19 1507 J,
103 1457 205 1533 poeta
226 1451 265 1516 cf.
283 1451 320 1515 fr.
335 1452 393 1516 IX.
409 1452 482 1516 XM.
498 1451 595 1533 XIII,
619 1450 707 1516 cuius
730 1471 802 1516 cum
823 1451 922 1516 Musis
946 1453 1171 1516 commercium
1195 1471 1253 1524 usu

14 1580 18 1591 ·
103 1551 241 1618 edoctus
264 1555 397 1637 exponit
419 1555 595 1637 fragmento
613 1552 689 1616 VIII
712 1573 783 1619 cum
805 1554 981 1636 fragmento
1002 1553 1112 1618 XVIII
1134 1553 1254 1618 utiliter

12 3932 13 3996 ᾗ
111 3941 149 3990 13.
169 3935 265 4003 XII,3.

104 1655 311 1721 conferendo.
344 1655 395 1721 Ab
411 1655 473 1724 hoc
487 1661 594 1722 autem
610 1654 728 1721 silicet
749 1654 934 1722 incohemus
949 1654 1142 1721 cantilenam
1156 1655 1252 1736 Poly-

15 1776 16 1780 *
103 1757 218 1841 phemi
241 1759 287 1822 ita
309 1757 454 1841 quidem,
484 1764 519 1825 ut
540 1758 631 1824 initio
654 1758 768 1824 Bionei
790 1758 938 1824 carminis
968 1755 1001 1822 id
1031 1763 1135 1841 optet,
1166 1756 1253 1838 quod

15 1855 16 1936 ι
105 1861 197 1925 exitu
209 1859 393 1926 Theocritei
409 1864 574 1926 assecutus
590 1865 652 1926 cst:
676 1860 830 1928 solacium
845 1862 1006 1927 Musarum
1025 1867 1057 1926 et
1075 1857 1252 1926 remedium

15 1951 16 1968 ¹
104 1965 236 2045 amoris,
259 1962 354 2028 finem
369 1963 467 2030 faciat
481 1961 569 2046 apud
583 1963 719 2029 Bionem
734 1970 857 2028 maesta
879 1964 1032 2046 querella,
1055 1983 1119 2045 qua
1141 1961 1254 2045 incipit

104 2066 195 2150 apud
211 2064 428 2150 Theocritum,
450 2087 514 2132 non
531 2073 661 2133 sanatus
684 2085 788 2148 neque
811 2065 929 2131 amoris
951 2065 1056 2132 lurore
1078 2069 1251 2129 attenuato.

103 2170 194 2234 Inter
207 2166 289 2234 haec
304 2169 483 2250 fragmenta
497 2169 648 2235 insertum
662 2175 710 2234 est
724 2168 766 2233 ab
782 2166 1006 2252 interpretibus
1021 2167 1057 2230 fr.
1069 2165 1147 2230 XIV
1163 2165 1251 2230 Stob.

103 2271 173 2336 flor.
190 2273 243 2353 65,
256 2275 290 2333 4:
333 2265 449 2355 μορφὰ
464 2268 668 2355 θηλυτέρῃσι
683 2268 780 2332 πέλει
793 2266 903 2347 καλόν,
928 2259 1020 2352 ἀνέρι
1044 2258 1076 2331 d'
1096 2259 1194 2345 ἀλκά,

18 2360 23 2380 “
106 2391 190 2453 qnae
214 2371 314 2438 uerba
342 2373 475 2438 uirtutes
504 2391 577 2438 snas
605 2369 845 2454 praedicantem
874 2371 995 2438 dixisse
1018 2369 1255 2455 Polyphemum

106 2473 262 2539 credibile
286 2480 348 2557 cst,
373 2493 468 2556 quem
491 2477 622 2557 propter
642 2475 788 2557 ingentes
810 2473 896 2539 uires
919 2474 1084 2558 superbire
1107 2472 1254 2539 uidemus

17 2572 20 2607 ³
106 2577 166 2643 Ou.
183 2582 258 2642 met.
274 2576 364 2660 XIII,
381 2577 442 2641 842
466 2575 538 2642 coll.
554 2596 581 2641 c.
597 2595 627 2642 u.
641 2563 712 2640 864.
750 2576 790 2641 Et
812 2576 920 2641 aceolo
943 2597 985 2642 an
1008 2582 1162 2660 congruat
1184 2596 1254 2644 cnm

17 2715 18 2718 π
107 2679 260 2762 Cyclopis
288 2679 489 2762 potissimum
517 2679 568 2757 (cf.
592 2677 743 2746 Schmitz.
764 2700 796 2763 p.
814 2682 865 2755 40)
895 2680 1075 2746 constantia
1101 2679 1254 2761 fidelique

106 2779 311 2864 assiduitate,
335 2782 362 2847 si
384 2781 552 2863 fragmenti
573 2781 606 2846 Π
628 2783 863 2864 prouerbialem
886 2782 1059 2848 dictionem
1082 2782 1123 2847 de
1145 2800 1254 2846 amore
1333 2830 1335 2834 ⁷

107 2891 139 2949 et
160 2903 220 2967 spe
242 2903 310 2967 sua,
333 2903 429 2965 quam
451 2881 494 2947 ad
517 2890 711 2950 senectutem
735 2885 920 2950 obtenturus
937 2891 995 2967 est,
1018 2889 1150 2966 usurpet
1163 2881 1253 2948 Stob.

16 3055 17 3058 Ἴ
106 2985 173 3052 flor.
190 2987 311 3068 29,52:
342 2980 540 3064 ἒκθαμινᾶς
559 2983 777 3071 ῥαθάμιγγσς,
801 2977 896 3060 ὅπως
919 2982 1024 3068 λόγος,
1048 2981 1120 3048 αἰὲν
1143 2981 1254 3058 ἰοίσας

339 3079 383 3166 χᾶ
406 3085 505 3162 λίθος
527 3082 561 3162 ἐς
583 3084 714 3171 ῥωχμὸν
736 3086 988 3166 scotorumfl),

109 3191 308 3202 --,...-..-.φ-

194 3258 219 3319 1)
237 3257 350 3323 <repom
366 3253 413 3306 uix
430 3269 534 3308 sanum.
571 3255 600 3308 Si
622 3252 766 3324 φάρμακον
781 3254 903 3322 postulat
920 3253 1101 3322 Polyphemus
1124 3269 1141 3307 a
1157 3252 1254 3322 Musis,

108 3357 161 3396 non
173 3339 288 3409 optabit,
306 3343 339 3394 ut
350 3339 487 3395 adducant
498 3341 632 3403 Amorem,
651 3339 697 3407 qui
709 3353 771 3392 curn
782 3338 836 3392 iarn
848 3338 984 3403 sollicitat,
1001 3339 1050 3393 sed
1067 3346 1097 3392 ut
1111 3340 1253 3411 auferant;

108 3424 205 3492 quodsi
221 3429 316 3494 φέρειν
331 3425 417 3480 altera
433 3425 543 3481 notione
560 3425 711 3493 achperes‚
729 3429 760 3476 ut
777 3427 870 3494 φέρειν
887 3429 933 3476 καὶ
950 3421 1040 3494 ἄγειν,
1064 3423 1162 3480 Musae
1179 3426 1253 3482 dice-

108 3517 200 3564 rentur
212 3525 304 3563 secum
315 3509 432 3565 auehere
442 3512 581 3578 Amorem3
599 3515 628 3562 at
644 3508 721 3576 ipsae
738 3514 871 3563 manento.
902 3508 992 3576 Quare
1010 3525 1064 3568 una
1081 3511 1203 3568 litterula
1220 3545 1254 3552 -

108 3595 210 3664 ltquida
227 3610 347 3649 consona
363 3595 392 3648 in
408 3596 521 3650 alteram
539 3624 573 3634 -
588 3596 693 3650 mutata
709 3593 884 3662 proponimus

261 3685 366 3733 Μοίσαις
379 3675 469 3750 Ἕριος
486 3677 588 3747 καλέοι,
607 3683 710 3731 Μοῖσαι
728 3676 789 3731 τὸν
805 3675 925 3750 Ἔρωτ’
942 3675 1106 3751 ἀφέλοιεν.

108 3767 140 3820 In
156 3767 232 3821 erdtu
249 3768 377 3834 quattuor
395 3765 559 3833 syllabarum
578 3782 638 3820 cum
656 3765 767 3819 elisione
784 3766 812 3818 in
829 3766 923 3834 quinto
942 3767 1010 3834 pede
1033 3766 1177 3820 coniuncto
1196 3781 1251 3820 non

108 3851 295 3906 offendendum
315 3850 349 3904 cf.
368 3851 400 3906 fr.
412 3851 512 3918 VII,2:
531 3844 602 3904 ὥστ’
621 3846 766 3904 ἀνύεσθαι.
795 3851 894 3916 IX,10.
907 3855 952 3906 12:
973 3844 1079 3921 Ἔρωτ’
1098 3847 1252 3904 ἐδίδασκον.

194 4025 219 4086 2)
236 4021 269 4074 In
281 4018 360 4074 simili
372 4017 506 4074 sententia
517 4018 619 4074 dictum
630 4020 697 4074 illud
714 4021 741 4074 in
758 4025 850 4091 partes
868 4025 950 4076 uocat
960 4018 1129 4090 Xenopithes
1147 4024 1252 4080 amator
