2998 4674
291 240 352 300 282
651 241 782 312 Georgius
800 241 935 300 Ricardus
952 243 1070 300 Holiand

289 415 426 499 Propius
447 413 491 478 ad
508 411 659 479 Ouidium
683 434 778 497 quam
800 415 843 482 ad
857 415 1064 484 Theocritum
1086 417 1213 484 accedit
1235 419 1320 486 oculi
1341 422 1427 488 unius

289 517 425 600 mentio,
453 516 495 582 de
522 534 585 630 quo
614 515 703 635 apud
729 517 906 585 Lucianum
935 518 1071 586 Galatea
1099 523 1173 586 c.:1
1207 511 1428 606 adportata
1485 523 1486 592 l

290 615 475 702 ἐπιπρέπει
494 618 543 700 τῷ
565 614 710 702 μετώπῳ
733 609 828 683 οὐδὲν
845 614 933 684 erdod
918 621 1050 705 έστερον
1065 613 1151 702 ὁρῶν
1173 607 1195 708 ἢ
1218 619 1248 686 εἰ
1269 614 1356 687 ὀύ”
1340 644 1426 710 quor,

289 719 377 804 apud
399 717 580 786 Ouidium
571 740 641 805 rpse
663 719 882 805 Polyphemus
904 723 1060 804 851sqq..

395 841 493 886 unum
515 822 594 888 est'
585 843 619 887 m
639 820 748 888 media
769 822 876 889 lumen
897 821 978 888 mihi
999 823 1119 906 fronte,
1141 823 1201 890 sed
1222 826 1324 893 instar

394 923 532 1006 ingentis
555 923 662 1007 olipei.
695 923 799 1005 quid?
826 943 890 990 non
911 923 995 991 haee
1016 925 1125 990 omnia
1145 946 1263 1009 magno

394 1024 451 1090 Sol
473 1023 602 1090 uidete
624 1024 740 1091 caelo?
776 1023 845 1090 Soli
867 1032 975 1092 tamen
995 1026 1109 1092 unicus
1132 1028 1228 1094 orbis.
1268 1080 1272 1090 .

289 1125 472 1194 Similitudo
500 1127 583 1192 inter
607 1131 776 1210 utrumque
797 1127 983 1210 scriptoram
1004 1133 1125 1210 aperta.
1171 1127 1290 1197 Contra
1312 1133 1341 1198 si
1362 1153 1426 1217 per·

287 1227 457 1314 pendimus
480 1227 712 1311 discrepantias
734 1263 777 1274 -
799 1229 942 1294 colorum
963 1228 1103 1312 scilicet,
1125 1250 1191 1296 non
1213 1234 1341 1299 consilii
1362 1255 1426 1300 nar·

286 1330 418 1396 rationis
440 1363 482 1374 -
504 1328 586 1394 nihil
608 1329 676 1396 fere
697 1331 810 1396 merito
832 1329 1031 1397 concluditur
1056 1331 1118 1396 nisi
1149 1333 1296 1401 omisisse
1320 1336 1425 1403 Lucia·

286 1452 363 1497 num
377 1431 540 1514 nonnulla,
556 1432 712 1516 imprimis
723 1431 806 1497 antri
820 1430 1067 1515 diuitiarumque
1083 1435 1291 1518 mentionem
1303 1437 1426 1504 differre

286 1536 458 1619 scriptores
479 1553 519 1600 ea
535 1554 600 1598 una
613 1553 658 1617 re,
682 1533 768 1616 quod
783 1531 1010 1600 Samosatenus
1031 1533 1128 1616 plane
1150 1535 1244 1602 aliter
1265 1546 1426 1606 canentem

287 1636 470 1722 Cyclopem·
481 1635 636 1720 depingit,
659 1635 693 1701 id
715 1634 801 1718 quod
823 1635 940 1718 partim
962 1655 1004 1700 ex
1025 1636 1103 1702 artis
1124 1642 1339 1708 monumentis
1361 1663 1425 1726 par·

286 1741 343 1804 tim
373 1759 416 1805 ex
444 1738 624 1820 antiquiore
653 1737 744 1821 poesi
772 1735 982 1819 repetendum
1010 1756 1081 1803 esse
1109 1741 1301 1808 censuimus.
1347 1741 1425 1822 qul

286 1841 384 1923 igitur
397 1839 599 1906 statuamus?
631 1838 748 1904 Dicent
770 1838 946 1905 imitatione
964 1845 1093 1923 poetam
1107 1841 1287 1908 Romanum
1302 1864 1425 1930 expres·

286 1961 357 2008 sum
379 1959 449 2007 esse
471 1960 492 2005 a
513 1938 706 2024 philosopho
722 1939 855 2007 Graeco.
891 1939 935 2006 At
952 1961 1028 2007 uero
1047 1947 1096 2008 est
1111 1947 1330 2013 controuersia
1351 1949 1425 2014 inter

213 2027 216 2034 ¹
284 2044 371 2109 uiros
388 2041 509 2125 doctos,
532 2047 636 2106 utrum
651 2041 810 2108 Lucienus
832 2043 1004 2126 scriptores
1019 2044 1180 2110 Romanos
1201 2045 1357 2115 lectitarit
1378 2050 1425 2115 uel

284 2146 426 2211 imitatus
449 2144 491 2211 sit
511 2162 621 2210 neone.
666 2140 868 2226 Quamquam
896 2144 980 2208 enim
1008 2150 1131 2210 constat
1159 2147 1293 2216 sciuisse
1315 2137 1423 2217 Latine

284 2245 528 2313 Samosatonum
543 2245 644 2329 ipsius
659 2245 841 2310 testimonio
855 2264 914 2328 pro
930 2244 1010 2328 laps.
1027 2266 1054 2312 o.
1065 2249 1114 2329 13,
1133 2253 1240 2315 tumen
1255 2250 1327 2318 iure
1338 2252 1422 2318 dubi·

283 2355 399 2433 terunt,
420 2368 496 2413 num
511 2347 681 2430 scriptores
696 2346 828 2412 Latinos
844 2346 958 2429 dignos
973 2345 1138 2415 habuisset
1153 2351 1267 2433 quibus
1288 2354 1422 2421 studium

283 2456 424 2516 nauaret.
463 2450 508 2516 Ut
528 2467 612 2515 nunc
633 2467 685 2515 res
707 2446 814 2530 habet,
835 2448 976 2514 nondum
998 2449 1169 2516 refutatum
1190 2453 1319 2520 uidetur
1343 2455 1422 2538 quod

283 2553 402 2635 primus
418 2550 580 2617 contendit
594 2551 629 2615 F.
641 2551 680 2616 A.
688 2550 779 2616 Wolf
789 2549 832 2616 ad
846 2550 923 2615 Hor.
935 2556 993 2616 sat.
1005 2551 1030 2632 I,
1043 2555 1070 2634 1,
1082 2555 1120 2616 15
1136 2551 1305 2639 Lusiones,
1324 2558 1421 2624 Maxi-

284 2671 353 2718 mos
368 2651 484 2736 Tyrios
499 2651 541 2716 al.
564 2650 705 2716 nondum
728 2652 846 2716 imitari
867 2652 1037 2734 Romanos,
1060 2672 1132 2721 raro
1155 2655 1272 2740 legere,
1297 2661 1351 2726 eui
1371 2659 1422 2725 ad·

282 2755 451 2839 stipulatus
474 2758 522 2819 est
537 2751 571 2817 Ο.
584 2752 620 2816 F.
632 2751 796 2818 Hermann
811 2772 919 2837 opusc.
935 2774 966 2837 p.
978 2755 1051 2819 224.
1086 2755 1190 2822 Aliter
1212 2761 1354 2828 sentiunt
1375 2782 1421 2828 ex.

281 2879 328 2941 gr.
343 2855 450 2924 Iacob.
471 2854 515 2920 ad
528 2855 605 2921 Luc.
620 2853 794 2920 Alexandr.
812 2858 861 2919 15.
896 2851 1041 2921 Grauert
1061 2857 1145 2923 anal.
1162 2856 1235 2924 hist.
1256 2867 1289 2927 et
1308 2863 1387 2945 phil.
1407 2863 1421 2927 Ι

279 2982 311 3045 p.
327 2962 387 3024 162
408 2957 515 3024 adnot.
566 2956 629 3036 Qui
657 2958 787 3023 ultimus
816 2957 849 3020 in
876 2975 944 3022 rem
973 2958 1140 3040 inquisiuit
1168 2961 1336 3044 Zieglerus
1365 2967 1385 3030 l.
1401 2965 1420 3028 l.

280 3081 311 3144 p.
324 3063 365 3124 42
376 3080 446 3144 sqq.
469 3066 555 3127 recte
578 3059 737 3126 iudicasse
759 3056 910 3124 Wolfium
934 3058 1085 3144 affirmat,
1115 3062 1204 3128 ouius
1233 3067 1419 3131 sententiam

279 3162 357 3228 fidei
372 3183 436 3228 non
450 3162 603 3230 absonam
619 3181 690 3229 esse
708 3160 769 3229 hac
790 3166 896 3227 aetate
918 3160 1136 3228 demonstrant
1158 3164 1294 3230 aliorum
1316 3186 1418 3234 exem-

279 3265 335 3348 pla
357 3285 377 3329 a
399 3265 477 3330 uiris
499 3264 602 3331 doctis
624 3264 732 3345 allata,
755 3267 790 3328 ut
803 3261 979 3346 Plutarchi,
1002 3262 1139 3330 Libanii.
1178 3263 1340 3344 Quamdiu
1363 3268 1417 3351 igi·

280 3371 331 3429 tur
346 3366 470 3431 altioris
485 3364 647 3449 indaginis
662 3364 885 3448 disquisitione
900 3363 942 3429 de
956 3364 1090 3430 Luciani
1109 3366 1224 3433 studiis
1245 3368 1417 3434 litterarum

279 3466 491 3531 Romanarum
512 3486 575 3531 non
598 3468 666 3532 sinc
695 3467 798 3531 fructu
826 3472 861 3532 ut
887 3466 1014 3532 uidetur
1041 3467 1236 3534 instituenda
1266 3489 1415 3550 caremus,

278 3564 443 3632 fluctuabit
464 3567 626 3633 iudicium.
664 3567 700 3632 Si
716 3569 865 3651 egregiae
880 3570 984 3636 famae
1006 3569 1083 3635 uiris
1107 3570 1236 3637 credere
1257 3571 1343 3655 licet,
1365 3590 1415 3636 ne-

279 3666 418 3736 cessario
441 3663 503 3730 hac
525 3668 558 3731 in
580 3669 766 3749 quaestione
788 3668 832 3734 ad
853 3690 1050 3737 communem
1061 3673 1083 3746 1)
1105 3669 1238 3738 Luciani
1261 3679 1293 3740 et
1310 3671 1414 3740 Ouidii

278 3773 398 3838 fontem
420 3768 600 3852 relegamur
621 3775 750 3850 poetam
772 3771 861 3835 illurn
883 3771 1023 3855 quidem,
1045 3793 1109 3838 non
1131 3773 1293 3840 artificem.
1334 3775 1413 3840 Nam

364 3925 388 3986 1)
405 3918 534 3989 Proprius
557 3917 642 3974 fuisse
659 3916 782 3973 Lucieno
804 3924 928 3976 auctores
952 3921 1115 3978 existimauit
1132 3921 1350 3979 Hemsterhusius
1366 3922 1410 3976 ll.
1479 3944 1484 3959 ·

275 4020 303 4072 p.
315 4007 362 4061 291
382 4004 417 4058 ad
433 4005 479 4059 lin.
491 4007 539 4059 bl.⁸
1279 4021 1285 4034 ·

1485 3969 1486 4002 l

1484 4007 1486 4038 l
