3028 4672
451 229 493 284 De
510 228 673 314 Polyphemo
691 234 719 284 et
736 230 857 286 Galatea.
1166 233 1227 294 215

80 405 214 470 ironiam
236 403 325 485 prius
346 402 560 485 fragmentum
587 402 747 486 prolatum
775 423 846 470 esse
874 403 967 470 nobis
996 405 1229 487 persuasimus:

79 507 271 590 pollicentur
286 503 384 569 Nerei
398 501 485 568 filiae
500 501 647 591 Neptuni
657 510 771 570 uastae
783 506 868 590 proli
882 504 1077 571 adduoturas
1100 526 1135 573 se
1157 527 1228 575 esse

79 607 248 672 Galateam
270 623 421 686 sororem,
444 603 521 669 dum
543 604 601 671 has
623 607 811 689 apposuerit
832 607 994 689 nuptiales
1017 607 1139 690 epulas,
1162 628 1227 675 non

77 710 261 792 ignorantes
283 724 457 788 numquam
480 725 535 772 eas
558 712 783 790 congesturum
806 726 876 773 esse
895 706 1082 791 Cyclopem,
1106 710 1227 795 quippe

77 810 131 891 qui
145 828 234 875 mare
249 808 362 874 timeat
380 807 480 874 nandi
502 828 566 875 non
587 809 710 892 peritus
732 808 782 883 (cf.
800 807 935 874 Theocr.
951 807 995 873 id.
1011 808 1069 892 XI,
1083 813 1124 873 60
1133 813 1226 894 sqq.).

77 909 173 976 Cuius
189 909 322 993 quidem
336 911 561 993 postulationis
583 909 771 993 procacitati
794 909 915 993 optime
937 911 1109 978 conuenire
1131 914 1225 980 nobis

76 1011 204 1078 uidetrn
225 1011 367 1094 repetita
386 1010 583 1077 adhortatio:
606 1007 767 1075 τοιούτων
790 1008 893 1096 μηδὲν
916 1001 1063 1076 ἀπέστω.

159 1111 252 1190 Quae
266 1115 294 1180 si
309 1131 388 1179 uera
402 1113 672 1195 concinnauimus,
696 1111 736 1178 de
752 1112 862 1179 indole
877 1113 1072 1198 Antiphanis
1094 1115 1225 1183 fabulae

75 1215 228 1281 discimus
256 1213 356 1280 haec:
385 1214 479 1280 Actio
508 1221 577 1279 erat
604 1215 638 1278 in
666 1233 784 1280 scaena
810 1216 976 1299 proposita
1003 1215 1045 1282 de
1068 1217 1227 1285 Galateao

74 1317 194 1400 nuptiis
217 1316 300 1381 inter
322 1315 454 1381 chorum
476 1314 651 1381 Nereidum
664 1317 686 1393 ¹)
712 1320 744 1380 et
766 1315 943 1399 Cyclopem
965 1318 1092 1384 iocandi
1116 1339 1224 1403 causa,

73 1439 136 1484 non
151 1418 236 1484 serio
252 1418 396 1484 consilio.
428 1415 568 1501 cyclops
583 1417 653 1500 ipso
667 1416 856 1499 proponitur
870 1418 1009 1500 pastoris
1022 1420 1226 1502 potissimum

74 1517 185 1585 habitu
208 1525 241 1585 ct
262 1525 419 1604 apparatu
442 1554 482 1564 —
505 1537 636 1602 praeses
659 1537 756 1600 quam
777 1516 953 1582 ditissimus
975 1519 1022 1584 rei
1044 1521 1225 1602 pecuariae.

73 1620 224 1688 Possidet
246 1621 331 1686 enim
352 1640 417 1685 non
440 1620 543 1685 solum
566 1639 643 1686 oues
666 1624 698 1685 et
720 1637 849 1701 capras,
872 1623 908 1682 ut
929 1617 1017 1702 apud
1038 1619 1247 1703 Homerum„

74 1724 230 1806 othones,
253 1727 289 1788 ut
305 1720 393 1805 apud
408 1720 606 1804 Euripidem,
631 1719 800 1786 sedetiam
818 1737 890 1784 sues
913 1719 940 1795 (f
954 1768 961 1783 .
977 1719 1018 1802 Π,
1033 1724 1073 1803 5),
1096 1723 1224 1807 lepores

16 1859 17 1920 3
74 1830 209 1892 uenatus
233 1825 314 1897 esti)
338 1823 392 1900 (ib.
408 1842 438 1887 u.
452 1824 500 1904 6),
527 1823 614 1888 casei
636 1822 726 1887 uario
749 1819 845 1885 modo
868 1820 1049 1904 apparendi
1072 1829 1120 1890 est
1141 1825 1225 1907 peri·

16 1927 17 1936 ’
73 1928 222 1993 tissimus.
251 1923 387 1990 Videtur
401 1923 499 2006 igitur
514 1923 680 2006 epularum
697 1922 867 2005 elegantia,
891 1941 974 2005 quae
989 1923 1023 1988 in
1037 1923 1100 1991 hac
1115 1925 1227 1994 fabula

72 2028 237 2094 sollemnis
253 2032 330 2109 orat,
353 2045 418 2090 non
432 2030 498 2090 tam
514 2024 650 2108 Cyclopi
665 2043 761 2122 quam
780 2023 930 2107 nymphis
952 2026 1086 2092 marinis·
1105 2027 1225 2092 tributa

72 2131 179 2197 luisse.
203 2162 245 2173 —
267 2128 382 2194 Ulixes
404 2127 438 2191 in
459 2126 569 2191 fabula
590 2126 689 2192 fuisse
711 2145 774 2190 non
796 2124 940 2190 traditur.
979 2124 1015 2190 Si
1034 2125 1223 2210 traderetur,

16 2277 17 2296 ι
71 2234 200 2298 tertium
226 2229 313 2313 quod
338 2233 484 2311 superest
508 2228 720 2311 fragmentum
740 2225 823 2290 Poll.
840 2225 903 2308 IX,
921 2226 976 2290 88:
1006 2217 1090 2311 παρ’
1115 2219 1225 2293 Ἀντι-

16 2375 18 2422 t
73 2331 170 2418 φάνει
195 2329 229 2396 ἐν
250 2331 299 2415 aa*
320 2327 484 2394 Κύκλωπι

16 2425 17 2430 ¹
434 2433 550 2515 Κέρμα
572 2425 634 2512 γάρ
656 2451 690 2492 τι
711 2423 860 2511 τυγχάνω

73 2539 125 2615 (ib.
138 2537 209 2619 VII,
224 2538 301 2599 170:
323 2535 428 2617 κέρμα
445 2529 559 2606 ἑνικῶς
576 2523 700 2615 Ἄμφις
714 2526 842 2615 ε’ίρηιιεν
859 2524 893 2592 ἓν
904 2519 1146 2616 manasseas
1167 2534 1222 2598 aci

16 2627 17 2686 3
68 2628 272 2724 Ἀντιφάνης
290 2630 323 2698 ἐν
334 2631 508 2712 Κύκλωπι)
531 2633 790 2716 intellegeremus
804 2629 846 2696 de
861 2629 960 2696 Ulixe
975 2630 1111 2717 Cyclopi
1133 2653 1223 2700 nnm-

158 2807 182 2869 1)
202 2802 288 2870 Quem
305 2801 350 2854 hic
369 2800 484 2868 primurn
501 2799 678 2868 probabiliter
690 2802 809 2852 statuere
821 2810 975 2864 possumus,
993 2797 1022 2852 in
1040 2813 1147 2853 cassum
1165 2803 1222 2854 sta-

72 2891 123 2944 tuit
139 2887 339 2955 Klingenderus
356 2887 386 2939 in
403 2883 546 2937 Philoxeni
563 2883 734 2952 dithyrambo
751 2880 769 2935 l.
781 2881 798 2935 l.
817 2896 844 2948 p.
856 2885 897 2935 50.

155 2978 182 3037 2)
199 2971 233 3026 V.
244 2975 260 3025 6
273 2968 475 3038 anapaestioam
487 2966 632 3036 tripodium
644 2967 709 3022 ferri
720 2979 776 3020 non
787 2980 868 3033 posse
879 2964 950 3019 uidit
961 2964 1128 3020 Dindorfius.
1154 2964 1221 3019 ilum

72 3073 104 3112 ex
119 3055 253 3112 uenaticis
270 3053 336 3109 feris
353 3053 473 3122 leporem
494 3055 601 3107 tantum
619 3049 822 3106 commemorari
843 3049 984 3113 miremur,
1009 3048 1090 3102 huius
1113 3049 1220 3114 generis
1256 3097 1258 3102 .

73 3144 175 3198 bestiae
193 3153 291 3194 nomen
309 3137 441 3192 excidisse
464 3137 531 3190 ratis
554 3137 584 3190 in
606 3139 722 3189 mentem
745 3133 824 3188 nobis
848 3133 924 3187 uenit
940 3147 967 3186 u.
988 3130 1138 3186 Ouidianus
1156 3139 1220 3188 mot.

75 3225 146 3295 XIII,
157 3230 217 3291 832,
235 3223 283 3278 ubi
300 3221 415 3292 cyclops
433 3221 505 3277 dona
523 3226 631 3276 amatae
649 3217 763 3272 offerens
781 3215 861 3272 dicit:

257 3322 307 3362 nec
324 3307 374 3361 tibi
392 3305 504 3361 deliciae
520 3303 614 3359 faciles
632 3301 796 3368 uulgataque
812 3303 919 3352 tantum

258 3405 370 3446 munera
387 3390 558 3458 contingent,
576 3387 699 3440 dammae
715 3384 875 3452 leporesque
893 3395 1028 3453 caperque

257 3490 343 3546 parue
361 3474 546 3529 columbarum
563 3471 723 3539 demptusue
741 3468 880 3522 cacumine
897 3468 991 3523 nidus:

256 3560 349 3615 inueni
366 3565 417 3614 etc.

74 3647 127 3702 lam
140 3661 202 3702 cum
214 3659 326 3714 caprum
342 3643 490 3698 habeamus
509 3656 535 3695 u,
549 3643 574 3706 3,
591 3639 710 3708 leporem
728 3653 754 3690 u.
769 3639 794 3700 6,
812 3635 934 3692 mmmae
950 3635 1088 3692 notionem
1107 3635 1221 3706 periisse

74 3731 203 3798 arbitrati,
221 3731 253 3785 ut
264 3726 435 3783 similitudine
446 3726 598 3780 litterarum
609 3722 752 3779 initialium
766 3720 926 3776 facilitatem
944 3719 1085 3776 excidendi
1103 3733 1218 3776 exeusa-

73 3832 169 3882 remus‚
186 3813 329 3871 incidimus
347 3813 375 3866 in
393 3811 558 3866 uocabulum
577 3805 672 3880 ὃορκάι
692 3812 719 3862 et
737 3805 927 3876 proponimus:

275 3894 391 3967 δέλφαξ,
408 3891 570 3965 (tapete),
589 3889 738 3959 dasdamus,
760 3895 858 3962 ἔριφοι.

74 3986 107 4039 ei.
119 3985 208 4040 Nicet.
219 3982 323 4051 Eugen.
335 3981 382 4049 VI,
393 3983 452 4034 525.
