2998 4674
232 235 295 294 304
594 233 726 302 Georgius
744 233 879 289 Ricardns
897 231 1014 288 Holland

232 407 313 474 Sunt
334 414 442 475 antem
464 408 561 490 longe
584 408 757 472 maximam
779 413 904 490 partem
926 406 1057 472 tabulae
1080 404 1278 489 Campanae,
1302 425 1389 490 quas

231 511 393 594 pleniores
420 529 505 576 nunc
533 528 629 592 quam
656 515 752 574 antea
780 513 982 574 enumeratas
1011 506 1113 574 habes
1141 507 1182 574 ab
1211 508 1390 592 Helbigio:

231 613 317 679 tabb.
340 610 449 696 oppid.
472 610 582 694 Camp.
598 610 739 677 Vesuuio
763 610 864 675 obrut.
887 609 975 693 Lips.
990 609 1072 673 1868
1098 629 1144 674 nr.
1159 611 1389 696 1042-1053,

232 713 347 797 quibus
370 710 528 778 accedunt
549 712 722 778 nonnullae
746 713 889 777 caelatae
911 711 1104 795 sculpturae.
1143 709 1390 796 Campanorum

230 821 338 882 autem
361 815 519 898 pictorum
541 833 594 879 ars
617 833 688 878 curn
710 813 806 896 longe
832 813 972 896 plurima
994 819 1026 878 et
1047 813 1241 897 grauissima
1270 815 1390 880 incita-

231 922 339 982 menta
368 922 400 981 et
425 917 621 982 incrementa
649 915 771 998 ceperit
793 932 834 979 ex
856 914 1097 980 Alexandrinae
1126 916 1235 998 poesis
1264 916 1390 999 studio,

231 1018 318 1101 quod
340 1019 440 1086 fusius
463 1017 613 1101 exposuit
626 1016 796 1098 Helbigius
819 1017 851 1080 ln
874 1017 1052 1098 quaestion.
1069 1014 1111 1082 de
1125 1018 1251 1100 pictura
1265 1019 1389 1100 pariet.

230 1120 342 1204 Camp.
366 1120 454 1204 Lips.
469 1121 568 1200 1873,
598 1118 691 1202 impr.
710 1119 908 1201 p.112sqq.,
939 1115 1001 1183 hoc
1022 1118 1111 1183 fonte
1133 1119 1180 1194 pti
1201 1119 1294 1202 licet,
1318 1139 1388 1202 quo

230 1227 459 1304 recuperentur
472 1220 559 1286 illius
573 1220 683 1303 poesis
698 1218 824 1301 singula
839 1217 974 1284 artificia
990 1226 1022 1284 et
1036 1226 1233 1286 ornamenta.
1263 1220 1386 1286 Exem-

230 1323 277 1406 pli
300 1324 410 1406 gratia·
425 1323 551 1388 tabulas
572 1322 645 1388 illas
662 1341 703 1386 ex
717 1320 863 1403 Helbigii
878 1319 1093 1406 descriptione
1107 1322 1387 1406 percensebimus,

230 1430 265 1490 ut
287 1442 445 1490 conexum
466 1425 550 1489 inter
571 1428 738 1507 poetarum
760 1421 982 1505 artificumque
1000 1443 1131 1507 operam
1145 1422 1207 1490 hac
1222 1424 1256 1489 in
1271 1424 1388 1490 fabula

230 1526 482 1593 intercedentem
506 1527 637 1610 paulum
665 1525 869 1590 illustremus.
914 1524 1086 1591 Sollemnis
1114 1531 1221 1590 autem
1252 1545 1385 1611 scaena,

231 1649 314 1712 quae
336 1629 382 1694 ibi
403 1627 606 1712 proponitur:
629 1625 849 1709 Polyphemus
871 1626 904 1690 in
926 1625 1019 1691 litore
1042 1625 1157 1693 sedens
1178 1629 1387 1711 prospiciens
1462 1610 1473 1653 ‘¹

229 1732 264 1796 in
279 1729 449 1796 Galateam
464 1726 618 1812 delphino
634 1726 943 1811 praeteruehentem,
967 1745 1063 1808 quam
1081 1727 1164 1794 benc
1185 1729 1388 1814 respondeat

230 1837 308 1914 typo
324 1850 345 1895 a
359 1829 464 1914 poetis
480 1847 633 1913 expresso
656 1833 755 1911 patet,
779 1848 972 1911 quamquam
995 1827 1048 1894 hio
1070 1827 1289 1914 discrepantia
1306 1851 1386 1896 con-

230 1932 343 2015 spicua
365 1932 447 1995 inter
469 1935 599 2012 poetam
621 1935 652 1994 et
674 1929 845 2012 artificem,
876 1931 995 2014 quippe
1019 1932 1074 2014 qni
1101 1929 1249 1996 debuerit
1277 1932 1388 2015 ipsam

229 2031 407 2118 nympham
422 2031 522 2098 oeulis
538 2031 727 2114 spectatoris
743 2031 887 2098 subicere
910 2067 952 2076 —
975 2032 1124 2115 exceptio
1140 2053 1213 2098 rara
1233 2067 1285 2117 -,
1309 2055 1387 2100 cum

229 2141 327 2219 poeta
355 2134 507 2218 Cyclopis
535 2135 698 2217 repulsam
728 2133 842 2200 melius
869 2133 1002 2198 absente
1031 2132 1169 2200 Galatea
1201 2135 1384 2202 denotaret.

230 2237 511 2329 Deprehendimus
531 2237 628 2301 etiam
651 2235 793 2317 singulos
817 2236 940 2300 colores
955 2233 1149 2318 Polyphemi
1171 2256 1188 2301 e
1211 2244 1387 2320 poetarum

231 2337 499 2423 descriptionibus
514 2343 616 2418 notos,
638 2336 728 2402 uelut
742 2335 907 2402 horridum
923 2336 1075 2420 capillum
1087 2339 1107 2412 ¹)
1123 2339 1385 2422 promissamque

229 2442 373 2530 barbam,
396 2439 522 2505 elanam
537 2436 632 2503 modo
648 2444 805 2521 gestatam
821 2439 862 2504 ab
879 2439 1001 2521 ingenti
1020 2439 1099 2521 uiro,
1122 2440 1384 2504 scrutinatam

229 2545 366 2606 -1045,
390 2542 481 2604 1049.
505 2542 715 2620 toaclam,
749 2539 846 2605 modo
876 2539 1008 2623 scopulo
1038 2540 1246 2622 acclinatam,
1278 2542 1384 2609 ueluti

229 2663 274 2707 nr.
290 2645 382 2705 1047.
401 2643 492 2704 1048.
511 2643 607 2723 1052,
638 2640 748 2706 sedem
770 2641 895 2725 scopuli
919 2642 957 2706 ct.
976 2661 1022 2704 nr.
1038 2642 1265 2726 tort-1052,
1293 2641 1384 2710 fistu-

229 2746 294 2810 lam
310 2740 530 2809 tantummodo
553 2741 586 2805 in
605 2743 759 2824 ιιι.1052,
783 2741 938 2808 citharam
957 2745 1157 2808 1047.1048.
1194 2743 1292 2810 Haud
1307 2765 1384 2813 raro

228 2845 358 2912 indutus
382 2850 430 2910 est
445 2843 584 2928 Cyclops
607 2843 702 2928 pelle,
725 2843 864 2908 maxime
886 2843 981 2927 pardi
1004 2845 1043 2909 ol.
1062 2847 1154 2911 1043.
1174 2848 1266 2910 1046.
1286 2849 1383 2932 1048,

228 3046 408 3114 hippocampo
426 3043 580 3112 fugientem,
599 3057 679 3112 quam
691 3045 760 3096 nutu
772 3045 803 3096 ut
815 3041 923 3097 uidetur
935 3043 970 3098 ad
983 3059 1042 3099 sese
1055 3047 1198 3099 arcessunt
1214 3045 1285 3101 duae
1304 3064 1385 3116 nym-

227 3129 307 3200 phae.
344 3130 428 3184 Amor
446 3131 535 3183 antem
556 3127 640 3182 frenis
658 3127 802 3197 Cyclopem
822 3132 935 3183 coercet.
972 3127 1057 3183 Recte
1081 3129 1221 3197 perspexit
1238 3130 1383 3190 Perrotius

228 3231 255 3284 p.
269 3219 315 3268 107
326 3229 394 3282 sqq,
413 3214 510 3283 quibus
528 3215 557 3266 in
574 3213 656 3267 rebus
674 3212 810 3280 discrepet
827 3212 895 3267 haec
914 3213 1073 3283 compositio
1092 3229 1109 3267 a
1126 3214 1281 3284 Campanis,
1300 3233 1383 3286 prae·

229 3299 309 3366 cipue
326 3315 375 3354 suo
393 3300 453 3354 iure
470 3314 558 3368 aquae
576 3303 787 3366 contemptorem
808 3297 921 3351 miratus
944 3302 987 3352 est
1004 3297 1213 3366 Polyphemum,
1238 3299 1317 3355 cuins
1332 3303 1384 3357 'rei

229 3381 365 3436 desiderat
388 3385 539 3438 litterarum
562 3382 751 3437 testimonium.
793 3381 955 3448 Possumus,
980 3381 1007 3436 id
1029 3382 1100 3452 quod
1124 3389 1247 3438 nostrum
1272 3384 1383 3440 uidetur

229 3480 298 3531 esse,
316 3467 516 3523 similitudinem
535 3471 607 3523 certe
625 3467 721 3523 afferre
738 3467 811 3520 hanc
828 3467 908 3534 Verg.
920 3468 986 3522 Aen.
998 3467 1049 3531 Ill,
1060 3471 1171 3536 664qu

791 3550 966 3619 graditurque
982 3567 1032 3621 per
1049 3567 1150 3620 aequor

419 3634 474 3688 iam
490 3636 619 3702 medium,
638 3637 752 3692 necdum
768 3635 867 3690 fluctus
884 3635 971 3689 latera
989 3635 1075 3690 ardua
1091 3636 1180 3692 tinxit.

316 3723 341 3786 1)
361 3719 502 3776 Conilerae
526 3720 632 3776 arboris
656 3722 772 3788 speeiem
796 3722 922 3776 uidentur
944 3721 1075 3788 praebere
1099 3721 1189 3790 capilli
1211 3721 1241 3775 in
1264 3723 1381 3792 picturis

228 3822 272 3876 ap.
288 3807 368 3862 Halb.
382 3810 446 3860 1048
460 3809 578 3872 et1050;
604 3819 670 3875 quos
688 3805 763 3873 prius
782 3806 945 3874 opinabatur
962 3805 1101 3874 Helbigius
1122 3807 1189 3875 pinu
1210 3806 1254 3860 uel
1277 3807 1381 3863 harun-

229 3891 292 3946 dine
309 3897 466 3958 coronatos‚
489 3907 563 3946 nunc
581 3889 745 3958 respondere
763 3888 829 3944 dicit
850 3891 941 3946 uerbis
959 3890 1147 3946 Philostrateis
1171 3891 1267 3960 imagg.
1284 3891 1320 3958 H,
1332 3897 1380 3948 18:

228 3984 326 4042 χαίτην
343 3972 483 4031 ἀνασείων
501 3972 592 4048 ὀρθὴν
610 3979 656 4028 καὶ
673 3970 830 4044 &populosis
847 3983 941 4029 πίτυος
958 3971 1046 4041 δίκην,
