2998 4674
457 209 500 266 Dc
516 209 682 281 Polyphemo
699 215 728 268 et
745 211 867 270 Galatea.

351 411 617 500 corollarium
644 413 993 518 arohaeologioum.

166 565 434 648 110111111111111
456 567 542 652 quod
564 569 641 636 artis
663 576 867 636 monumenta
889 570 931 638 ad
949 568 1185 656 Polyphemum
1208 578 1241 639 et

88 664 252 736 Galateam
277 670 462 754 spectantia
483 668 580 754 digne
602 671 756 754 colligere
779 676 970 738 attractare
998 691 1059 738 nec
1086 672 1240 740 facultate

87 768 247 836 uiribusue
270 771 421 839 ualemus
450 778 482 838 et
509 772 664 856 temporis
692 770 851 855 huiusque
880 774 1154 840 commentationis
1184 794 1239 840 an-

86 870 194 952 gustiis
209 870 434 955 prohibemur.
468 873 608 939 Possunt
622 892 699 939 sane
715 874 875 957 permulta
896 880 929 940 et
939 873 993 940 ad
1015 879 1127 959 typum
1142 875 1239 961 Poly-

85 968 190 1054 phemi
206 970 430 1040 definiendum
447 978 479 1040 et
493 973 537 1040 ad
552 972 646 1041 huius
665 974 794 1042 fabulae
816 975 960 1043 indolem
981 976 1239 1062 cognoscendam

85 1070 137 1138 illo
153 1092 195 1139 ex
209 1073 305 1142 tonte
321 1073 459 1159 hauriri;
482 1081 580 1158 atque
594 1076 879 1146 animaduertimus
902 1080 968 1145 iam
989 1079 1240 1146 illustrissimum

85 1172 172 1239 illum
187 1173 445 1261 archaeologum
461 1175 677 1261 Georgium
692 1179 744 1245 Zo
754 1198 828 1264 ega
851 1179 1014 1264 quondam
1036 1180 1240 1247 constituisse

86 1271 242 1342 disserere
271 1277 315 1344 de
339 1277 476 1345 diuersis
497 1277 650 1364 Cyclopis
679 1280 767 1366 apud
796 1286 922 1348 ueteres
951 1281 1240 1366 significationibus

85 1373 121 1438 of.
134 1367 276 1446 ‘Romae
292 1378 467 1464 anaglyph.
484 1371 613 1462 antiqu.³
632 1382 695 1447 uol.
708 1381 740 1445 Il
762 1403 793 1467 p.
806 1384 843 1446 13
857 1384 889 1465 ¹),
912 1381 999 1464 quod
1018 1401 1132 1449 munus
1149 1401 1239 1449 uere·

85 1495 151 1544 mur
171 1498 214 1546 ne
237 1499 356 1566 parum
379 1480 487 1565 dignis
509 1481 675 1563 reliquerit
696 1483 798 1548 nobis.

166 1577 262 1660 Quae
278 1581 323 1648 ad
337 1581 532 1666 Polyphemi
547 1587 580 1648 et
590 1582 697 1650 Ulixis
713 1583 939 1650 commercium
953 1583 1115 1667 pertinent
1129 1603 1239 1650 monu-

86 1687 190 1748 menta
212 1688 268 1750 sat
288 1683 390 1748 multa
412 1682 512 1767 (apud
534 1681 772 1752 Ouerbeclrium
796 1690 869 1752 sunt
889 1684 1010 1762 XLIII)
1032 1690 1186 1768 congesta
1208 1692 1241 1752 et

5 1843 6 1848 ,
86 1787 176 1848 aucta
199 1791 278 1850 sunt
297 1785 512 1868 compluriens
527 1783 603 1852 inde
618 1805 639 1852 a
654 1787 922 1853 commentatione
936 1783 1153 1854 Michaelis
1168 1785 1239 1852 Ar-

6 1943 7 1950 ,
87 1879 177 1949 diti:
199 1877 327 1954 ‘Ulisse
343 1884 403 1953 che
418 1887 529 1970 giunto
544 1887 631 1953 nella
642 1885 756 1954 Sicilia
771 1888 798 1953 si
814 1886 921 1954 studia
935 1887 1139 1956 d’imhriacar
1154 1888 1239 1955 Poli-

5 2041 7 2046 ,
86 1976 181 2053 iemo'
200 1987 310 2074 Neap.
325 1990 406 2052 1817
430 1988 607 2054 litterarum
628 1989 819 2056 testimoniis
841 1990 940 2074 largis
963 1991 1117 2056 instructa
1138 2009 1239 2073 usque

6 2144 7 2152 ,
87 2083 126 2150 ad
142 2086 344 2156 Iohannis
359 2090 477 2156 Bolte
499 2089 624 2157 dissert.
641 2090 781 2157 Berolin.
797 2110 826 2156 1.
838 2092 937 2155 18821
957 2083 1013 2156 ‘de
1027 2093 1240 2157 monumentis

86 2185 126 2252 ad
141 2186 328 2276 Odysseam
342 2191 575 2277 pertinentibus
595 2193 702 2276 capita
717 2181 850 2258 selecta'
866 2187 948 2276 [cap.
960 2191 990 2256 I:
1014 2191 1128 2258 Ulixes
1143 2193 1239 2275 Poly·

6 2347 7 2356 ,
87 2285 239 2370 phemum
265 2311 459 2376 excaecans3
482 2312 552 2377 cap.
568 2292 616 2358 II:
640 2293 754 2360 Ulixes
777 2311 819 2358 ex
841 2299 932 2359 antro
948 2292 1142 2377 Polyphemi
1166 2312 1239 2360 eua-

89 2385 192 2476 dens],
216 2394 275 2460 ubi
297 2394 421 2477 priores
444 2395 589 2460 inuenies
611 2394 769 2461 laudatos.

169 2493 222 2562 De
252 2493 446 2581 Polyphemi
476 2501 508 2562 et
535 2494 692 2562 Galateac
724 2496 937 2562 monumentis
947 2497 970 2570 ²)
1004 2494 1175 2564 Iahnius
1199 2505 1241 2564 ¹et

89 2587 308 2681 lielhigius
323 2598 343 2662 l.
357 2597 378 2662 1.
394 2596 613 2664 disseruerunt
634 2597 733 2680 plena
753 2597 931 2665 litterarum
954 2599 1069 2665 notitia
1090 2599 1240 2683 praediti.

89 2708 291 2726 κ.-

174 2768 199 2828 1)
218 2763 313 2819 Verba
329 2760 388 2817 eius
414 2768 490 2816 sunt:
516 2759 534 2817 ⁸.
555 2804 561 2818 .
581 2805 587 2818 .
607 2762 641 2818 ed
658 2779 695 2816 un
717 2764 823 2834 tripode
847 2780 864 2820 a
886 2765 1060 2820 bassorilicro
1084 2766 1155 2819 nella
1178 2763 1241 2818 uilla

88 2837 235 2915 Borghese,
253 2848 299 2902 all’
312 2847 440 2904 occasion
457 2846 484 2902 di
503 2846 547 2901 cui
562 2845 600 2900 mi
616 2846 721 2904 dserho
736 2847 930 2906 di-discorrere
947 2849 975 2904 di
993 2851 1088 2919 questo
1106 2848 1240 2916 selvaggio

90 2926 201 2987 eisuoi
220 2932 371 3001 compagni,
390 2931 459 2988 ede'
472 2930 605 2986 differenti
616 2932 759 3002 significati
775 2933 820 2988 nei
838 2932 912 3002 quali
928 2933 948 2987 il
964 2934 1078 2988 termine
1090 2931 1118 2987 di
1130 2931 1241 3000 Giclope

90 3007 104 3064 t
121 3017 194 3073 stato
213 3031 295 3088 preso
313 3015 385 3086 dagli
402 3014 513 3082 antichi,
531 3015 565 3071 ed
582 3030 600 3072 a
616 3017 701 3074 caseri
716 3017 759 3072 del
776 3019 849 3072 tatto
861 3016 958 3072 diversi
973 3012 1135 3086 applicato'.
1162 3015 1241 3083 Quod

91 3100 232 3158 comitum
244 3108 375 3170 quantum
386 3100 487 3158 scimus
504 3116 559 3156 non
576 3101 688 3171 peregit,
706 3116 768 3155 cum
779 3100 932 3170 anaglypha
946 3101 1027 3155 uillae
1040 3099 1242 3169 Borghesianae

90 3194 143 3236 non
160 3186 277 3242 ediderit
294 3185 329 3241 ci.
339 3185 476 3242 Wclcker.
490 3187 523 3242 de
536 3187 594 3242 uita
605 3186 711 3254 Zoegae
728 3185 756 3238 Π
773 3201 800 3254 p.
812 3188 861 3238 434
871 3199 927 3253 sqq.
951 3184 990 3238 hl.
1001 3184 1242 3240 Raoul·ltoohette

89 3271 287 3327 monumined.
304 3271 318 3325 Ι
334 3287 363 3340 p.
373 3275 424 3326 355
442 3287 466 3326 c.
479 3271 542 3326 adn.
553 3275 577 3326 2.
600 3267 1034 3325 uideWelclrer.rnus.Ithen.VI
1048 3272 1135 3335 (1839)
1153 3285 1180 3339 p.
1192 3273 1241 3324 579

90 3350 180 3412 adnot.
194 3363 217 3412 1.

176 3445 202 3508 2)
219 3440 311 3496 Unum
322 3441 405 3496 liceat
416 3441 516 3498 addere
531 3438 671 3508 (11111111.
682 3437 851 3494 ad0u.met.
862 3437 1092 3508 Χ1Π,750-897)
1108 3439 1161 3498 illis
1173 3456 1241 3498 non·

93 3520 155 3580 dum
174 3527 311 3596 cognitum
327 3524 463 3595 picturam
480 3524 633 3581 Palatinam
650 3524 680 3580 in
696 3522 800 3579 tablino
818 3523 915 3578 domus
929 3522 1026 3580 Liuiae
1043 3531 1180 3598 repertam
1197 3528 1242 3579 sat

91 3611 305 3678 memorabilem,
332 3625 413 3679 quam
436 3610 520 3666 edidit
543 3615 570 3666 et
593 3609 741 3679 explicarit
763 3607 935 3679 Georgius
957 3609 1082 3666 Perrot
1104 3610 1133 3664 in
1154 3609 1239 3664 libro:

92 3695 232 3753 memoires
259 3694 470 3764 d’archeologie,
497 3695 680 3765 o’epigraphia
705 3699 733 3750 et
758 3693 911 3761 d’histoire‚
938 3696 1024 3751 Paris.
1041 3697 1105 3750 1875
1130 3692 1187 3748 tab.
1202 3692 1242 3749 Vl

92 3784 262 3844 p.1oo-111
281 3785 325 3845 (=
341 3795 422 3836 revue
439 3775 648 3850 archeologique
663 3780 699 3836 N.
713 3779 741 3836 S.
760 3781 814 3837 uol.
824 3779 905 3836 XXII
927 3780 1065 3848 [1870171]
1089 3794 1116 3847 p.
1129 3781 1160 3831 47
1171 3779 1240 3845 sqq.)

94 3863 127 3918 ci.
145 3865 244 3924 Rebar.
263 3867 297 3922 de
308 3866 412 3922 Romae
423 3864 528 3920 ruinis²
545 3865 621 3934 Lips.
634 3869 698 3922 1879
717 3883 744 3936 p.
755 3870 814 3922 385.
851 3865 905 3920 Ubi
923 3863 1089 3933 conspicitur
1106 3860 1241 3931 Polyphe-

92 3961 152 4007 mus
168 3950 338 4008 imberbis
356 3963 443 4019 usque
456 3947 491 4004 ad
504 3954 600 4018 pectus
618 3951 647 4005 in
664 3965 738 4006 mare
756 3964 915 4020 progressus
929 3953 1042 4018 captans
1055 3945 1196 4000 Galateam
1212 3944 1241 3999 in
