3028 4672
274 219 334 280 142
637 220 768 291 Georgius
786 221 923 276 Ricardus
940 221 1061 276 Hclland

272 394 349 460 inde
370 396 413 461 ab
436 395 552 479 initiis,
582 395 636 461 nbi
660 394 798 477 primum
822 413 933 461 earum
955 395 1076 460 iniecta
1098 395 1140 459 sit
1161 395 1299 477 mentio,
1330 416 1435 480 usque

272 497 314 563 ad
338 497 452 564 ultima
479 503 626 582 tempora
654 503 800 562 ueterum
830 497 939 581 poesIs
966 514 1212 579 persequamur,
1241 502 1277 561 ut
1306 517 1434 564 conexu

271 601 430 667 illustrato
459 600 532 683 plus
560 599 691 665 luminis
719 598 762 664 ad
791 599 919 682 singula
946 602 1098 682 poemata
1124 597 1300 681 redundet,
1335 620 1434 682 quam

271 708 422 788 separata
436 700 674 783 unius'generis
689 701 837 766 tractatio
854 706 1043 782 argumento
1059 697 1215 765 adhibere
1235 702 1328 766 solet.
1363 700 1433 767 Sci-

271 824 343 872 mus
365 823 443 870 nero
459 801 547 868 haud
561 821 667 885 panea
683 801 727 867 ad
744 802 1019 885 comparationem
1041 801 1240 883 singulorum
1261 809 1433 886 poetarum

271 905 452 994 spectantia
473 905 508 969 iu
529 905 671 971 uirorum
693 903 859 969 doctorum
878 903 1115 968 commentariis
1138 903 1182 968 ad
1203 904 1333 969 illorum
1354 926 1434 988 pce·

271 1015 359 1076 mata
381 1006 570 1088 compositis
599 1006 717 1088 latere,
747 1005 864 1088 quibus
886 1005 988 1069 multa
1010 1024 1068 1071 nos
1090 1004 1211 1070 debere
1232 1005 1336 1071 libere
1357 1027 1434 1090 pro-

272 1111 407 1177 litamur.

358 1211 551 1293 Priusquam
565 1215 672 1274 autem
689 1207 732 1272 ad
752 1214 894 1274 nostram
917 1227 985 1272 rem
1008 1206 1248 1291 adgrediamur,
1271 1228 1379 1292 pauca
1402 1212 1435 1276 in

272 1313 456 1382 uniuersum
480 1311 521 1377 de
545 1309 742 1396 Cyclopibus
764 1309 914 1374 uidentur
936 1309 1141 1392 disputanda.
1178 1309 1229 1374 De
1251 1309 1434 1394 Cyelopum

271 1421 386 1483 natura
407 1419 504 1497 atque
528 1413 652 1497 origine
674 1417 821 1495 apertum
843 1410 1014 1476 intercedit
1039 1408 1212 1476 discrimen
1238 1411 1322 1478 inter
1349 1416 1433 1480 anti·

272 1517 443 1602 quissimos
465 1513 688 1601 mythologice
711 1512 855 1580 Graecae
880 1518 1028 1578 auctores
1050 1512 1229 1578 Hesiodum
1258 1519 1291 1579 et
1312 1514 1434 1582 Home-

271 1641 351 1688 rum.
399 1619 461 1684 Ille
489 1618 576 1684 enim
605 1614 713 1699 theog.
734 1634 787 1679 uu.
802 1617 861 1679 139
874 1635 944 1697 sqq.
973 1615 1071 1681 refert
1099 1613 1222 1681 (laeam
1249 1636 1290 1682 ex
1320 1617 1434 1685 Urano

271 1721 439 1806 peperisse
461 1719 622 1804 Cyclopes
644 1723 709 1783 tres
730 1716 889 1799 Bronten,
920 1715 1094 1801 Steropen,
1124 1718 1249 1801 Argen,
1281 1720 1338 1801 qni
1358 1721 1435 1787 Ioui

271 1823 390 1890 tonitru
419 1827 451 1886 et
475 1820 611 1885 fulmina
638 1818 787 1884 fabricati
816 1817 896 1900 sint,
925 1816 979 1882 hio
1008 1819 1104 1902 longe
1133 1820 1279 1886 diuersos
1307 1821 1436 1890 inducit

272 1921 431 2005 imprimis
454 1918 571 2002 Odyss.
588 1919 646 2000 IX,
660 1921 719 1984 106
732 1939 801 2001 sqq.
823 1919 909 1984 leros
930 1925 1077 2003 pastores
1098 1941 1230 1988 numero
1259 1943 1323 1988 non
1353 1924 1434 1991 defi·

271 2023 338 2092 nito
354 2041 458 2106 neque
474 2021 598 2106 origine
613 2021 774 2087 communi
792 2019 942 2086 indicata.
973 2021 1118 2088 Tertium
1133 2042 1235 2106 genus
1251 2023 1433 2110 Cyclopum

273 2129 438 2210 comparet
457 2122 545 2208 apud
566 2121 853 2188 Ps.·Aristotelem
864 2125 886 2202 ¹)
908 2124 978 2189 mir.
1000 2124 1074 2190 aud.
1090 2128 1167 2208 121,
1200 2125 1255 2190 ubi
1277 2126 1352 2192 miri
1373 2128 1432 2194 ali

272 2226 351 2312 quid
365 2233 474 2293 narrat
489 2225 530 2292 de
546 2223 708 2290 Thracum
723 2225 853 2292 natione
869 2225 930 2291 hoe
946 2228 1075 2293 nomin'e
1089 2226 1282 2311 significata,
1305 2227 1348 2294 de
1368 2250 1434 2312 qua

271 2329 452 2396 accuratius
481 2326 653 2394 edocemur
675 2347 695 2392 a
717 2328 904 2412 posteribris
926 2329 1042 2394 aetatis
1065 2329 1290 2414 scriptoribus,
1320 2331 1433 2417 impri-

272 2431 334 2498 mis
356 2450 377 2496 a
399 2428 503 2496 Strab.
517 2428 594 2495 VIII
616 2449 647 2512 p.
661 2428 804 2512 372111,
828 2430 923 2496 Paus.
935 2430 977 2512 Π,
992 2431 1042 2512 16,
1055 2434 1083 2494 5.
1107 2429 1177 2512 VII,
1191 2433 1241 2514 25,
1256 2435 1291 2513 5,
1320 2433 1431 2516 Apoll.

271 2529 420 2599 biblioth.
433 2531 474 2614 11,
487 2533 555 2614 2,1,
570 2533 606 2612 3,
626 2528 726 2597 schol.
739 2531 813 2596 Eur.
827 2529 880 2596 Or.
893 2534 973 2614 965,
991 2529 1136 2598 Eustath.
1152 2552 1184 2616 p.
1196 2535 1289 2616 1622,
1300 2537 1433 2618 54sqq,

273 2633 328 2719 qui
347 2651 457 2700 omnes
479 2632 547 2698 fere
570 2633 771 2699 consentiunt
793 2652 832 2699 eo
855 2631 943 2715 quod
964 2639 1094 2699 narrant
1110 2632 1269 2718 Cyclopes
1292 2637 1432 2719 ingenti-

272 2737 332 2804 bus
346 2735 445 2800 muris
461 2732 712 2800 olrcnmdedisse
727 2734 832 2817 urbes,
853 2734 1027 2817 praecipue
1042 2734 1203 2819 Tiryntha
1219 2742 1251 2801 ct
1265 2736 1432 2821 Mycenas,

272 2835 465 2906 dissentiunt
484 2856 522 2903 eo
546 2834 634 2920 quod
656 2835 713 2900 alii
732 2835 863 2902 aliunde
882 2835 1033 2904 oriundos
1049 2836 1160 2903 dicunt
1173 2838 1339 2906 fabulosos
1355 2842 1433 2906 arti-

271 2939 357 3008 fices.
392 2938 491 3006 Vario
513 2937 610 3004 modo
633 2936 693 3004 has
716 2936 919 3003 diuersitates
941 2938 1024 3004 inter
1046 2957 1081 3004 se
1104 2941 1276 3007 conciliare
1299 2941 1432 3008 studue-

272 3048 344 3109 runt
365 3042 427 3109 uiri
451 3039 546 3108 docti.
585 3038 691 3123 Atque
706 3039 902 3105 Klausenius
924 3040 1055 3122 quidem
1078 3041 1197 3117 (Ulixis
1218 3043 1286 3108 1515
1307 3061 1351 3108 ex
1365 3043 1431 3108 He·

273 3143 364 3211 siodo
382 3143 555 3227 explicata,
577 3140 708 3208 Bonnae
723 3141 805 3206 1834
821 3161 852 3225 p.
866 3143 885 3204 2
897 3143 980 3226 sqq.)
1003 3142 1135 3208 Homeri
1152 3142 1313 3227 cyclopes
1335 3145 1432 3226 quasi

273 3243 429 3312 deductos
453 3263 523 3314 esse
547 3263 588 3310 ex
610 3243 821 3310 daemonibus
844 3243 1017 3334 Hesiodeis
1039 3245 1165 3328 statutt,
1188 3244 1260 3328 alii,
1283 3250 1318 3309 ut
1340 3245 1431 3312 Prel-

273 3347 359 3412 lerus
374 3343 508 3428 mythol.
521 3346 575 3413 Gr.
588 3346 634 3430 Il,
648 3349 706 3410 511
719 3364 800 3427 sqq,
823 3345 885 3410 tria
903 3342 984 3410 haec
999 3363 1119 3428 genera
1139 3343 1221 3411 nihil
1243 3345 1334 3412 aliud
1358 3367 1430 3414 esse

273 3447 465 3514 arbilrantur
487 3465 583 3527 quam
604 3447 838 3533 Neptuniarum
858 3447 975 3513 uirium
997 3445 1143 3513 diuersas
1165 3447 1429 3531 significatlones,

273 3567 382 3616 rursus
410 3547 467 3613 alii
497 3546 686 3615 Homericos
715 3555 746 3615 et
772 3548 953 3615 Hesiodeos
976 3548 1135 3634 Cyclopes
1162 3543 1218 3616 ‘ex
1246 3550 1340 3616 tertio
1372 3552 1429 3616 illo

273 3669 391 3738 genere
414 3649 542 3715 diuersa
563 3649 686 3715 ratione
710 3651 867 3734 odginem
890 3641 1040 3717 traxisse'
1060 3651 1219 3735 iudicant,
1244 3653 1334 3718 cuins
1357 3673 1428 3719 sen-

274 3752 394 3820 tentiae
415 3751 566 3834 princeps
592 3755 640 3816 est
662 3749 983 3836 Schoemannns,
1012 3753 1068 3835 qni
1095 3751 1179 3819 hanc
1206 3754 1429 3837 quaest10nem

275 3853 480 3864 -.-..--—-

355 3890 377 3952 1)
390 3883 460 3940 Vide
471 3883 552 3938 etiam
565 3882 747 3953 Pherecydem
759 3899 803 3952 ap.
814 3885 995 3954 scholhpoll.
1006 3883 1094 3956 Rhod.
1104 3884 1152 3950 IV,
1161 3887 1224 3938 1091
1235 3883 1338 3950 (Muell.
1348 3882 1427 3952 frgm.

273 3968 336 4023 hist.
348 3970 419 4025 (11.1
437 3968 525 4035 1126)
545 3968 579 4022 cl.
593 3967 773 4022 Schoemann.
787 3985 814 4036 p.
826 3972 874 4023 327
894 3967 993 4034 51117,
1012 3984 1090 4038 quem
1105 3968 1264 4038 plerumque
1281 3969 1427 4052 seqmmur.
