3028 4672
661 275 792 343 Georgius
810 273 943 330 Ricardus
960 270 1079 328 ‘Heband

766 477 893 554 Ouum
919 478 985 553 VI.

381 615 441 694 Dc
466 614 610 692 madian
636 637 824 713 nonaeque
850 610 1061 690 comoediae
1088 610 1372 688 tractationibus.

847 785 911 859 §L

612 919 670 984 De
691 914 941 984 Nicocharis
963 914 1142 980 Galatea.

387 1055 481 1134 Quod
509 1059 732 1138 argumentum
760 1053 892 1137 paulum
920 1050 1082 1116 refrenata
1110 1050 1237 1134 priscae
1267 1050 1441 1118 comoediae

301 1160 452 1226 libertate
466 1176 487 1222 a
502 1155 630 1223 Cratino
647 1155 801 1220 inlocum
817 1153 959 1235 priorum
974 1151 1137 1218 titulorum
1155 1153 1360 1220 substitutum
1381 1170 1442 1218 esse

301 1258 453 1340 uidimus,
476 1256 561 1322 redit
575 1257 609 1320 in
624 1256 692 1322 eius
712 1253 900 1322 comoediae
922 1253 1104 1338 generibus,
1127 1273 1210 1337 quae
1233 1274 1276 1320 ex
1298 1255 1353 1321 illc
1376 1259 1442 1319 tem-

302 1379 382 1445 pore
404 1359 508 1443 prima
530 1358 727 1425 incrementa
749 1361 911 1439 ceperunt.
944 1354 1051 1437 Atque
1074 1354 1220 1439 adprime
1243 1355 1445 1423 conueniebat
1500 1353 1501 1362 ’

301 1462 444 1528 maxime
465 1458 638 1526 Philoxeni
666 1458 815 1524 irrisione
837 1462 965 1522 aucmm
993 1476 1066 1522 cum
1095 1463 1162 1523 tota
1190 1457 1300 1524 indole
1329 1456 1445 1523 mediae

301 1581 470 1645 nonaeque
493 1580 589 1644 quam
612 1559 749 1627 dicimus
775 1556 972 1624 comoediae.
1017 1556 1108 1636 Quae
1130 1578 1203 1625 cum
1225 1563 1446 1643 argumentaa

302 1665 484 1732 tabularum
506 1661 687 1728 diuinarum
716 1659 758 1726 ad
789 1659 983 1726 cotidianam
1005 1659 1106 1724 uitam
1132 1662 1359 1728 translatarum
1387 1660 1446 1724 irri-

304 1765 448 1834 sionibus
479 1770 626 1848 repetere
653 1762 768 1828 mirum
796 1766 948 1843 quantum
976 1759 1143 1828 adamaret
1171 1768 1203 1829 et
1230 1763 1278 1827 rei
1306 1761 1448 1845 publicae
1501 1781 1502 1808 1

305 1865 536 1947 hominumque
551 1863 753 1948 publicorum
769 1862 989 1945 castigatione,
1013 1863 1117 1945 qualis
1139 1864 1292 1947 antiquae
1315 1869 1384 1930 erat
1404 1881 1449 1927 co·

303 1964 464 2048 moadiae,
491 1964 651 2031 abstinere
675 1968 787 2028 coacta
808 1963 912 2045 magis
935 1970 1076 2031 mortuos
1098 1965 1310 2048 imperatores
1334 1971 1366 2030 et
1388 1984 1449 2029 ora·

304 2073 390 2134 tores
413 2072 626 2148 externosque
649 2070 802 2146 tyrannos
824 2065 1019 2148 exagitaret,
1051 2066 1194 2133 tabulam
1223 2067 1368 2150 aliquam
1398 2065 1450 2130 has

305 2169 386 2236 duas
401 2188 453 2235 res
468 2164 794 2250 comprehendentem
809 2165 952 2233 studiose
964 2167 1217 2251 amplectebatur
1233 2168 1286 2244 (ol.
1299 2167 1450 2234 Ribbeck.

305 2270 346 2337 de
361 2269 446 2336 med.
462 2276 495 2336 et
508 2287 582 2335 nou.
598 2287 679 2334 com.
695 2268 759 2333 Aa.
783 2268 870 2353 Lips.
886 2270 967 2332 1857
986 2288 1016 2351 p.
1033 2271 1150 2351 13sqq.
1167 2274 1199 2334 et
1215 2272 1355 2353 17sqq.).
1388 2268 1452 2334 Hac

306 2372 436 2454 quidem
467 2370 612 2453 generali
637 2370 861 2437 obseruatione
890 2369 1141 2454 probabiliorem
1168 2370 1262 2437 reddi
1291 2372 1452 2455 opinamur

305 2471 464 2536 Meiuekii
491 2471 722 2554 coniecturam,
752 2491 881 2556 exque
907 2471 1033 2539 fabulas
1061 2473 1190 2539 nomine
1213 2469 1385 2536 Γαλάτεια
1413 2474 1453 2536 ir·

306 2571 442 2654 scriptas
464 2577 574 2637 notum
596 2572 743 2655 mythum
765 2579 920 2639 tractasse
943 2580 1068 2656 censet,
1092 2593 1188 2656 quam
1210 2573 1318 2640 Iahnii
1342 2574 1452 2658 (symb.

306 2670 467 2740 amhaeol.
491 2693 523 2756 p.
537 2674 598 2735 412
621 2672 729 2738 adnot.
744 2674 775 2750 6)
798 2672 1032 2740 dubitationem
1053 2694 1111 2758 per
1134 2695 1169 2743 se
1191 2695 1257 2740 non
1274 2677 1452 2759 uituperar-

306 2773 396 2855 dam,
426 2792 468 2838 ex
490 2792 554 2855 qua
576 2771 619 2838 de
640 2773 739 2838 titulis
762 2793 783 2838 a
803 2774 973 2840 mulierum
995 2777 1177 2844 nominibus
1207 2778 1344 2861 sumptis
1374 2780 1454 2862 cogi-
1502 2771 1503 2792 ³

306 2877 369 2943 tari
390 2893 486 2959 posse
508 2880 662 2940 autumat.
707 2873 844 2941 Accedit
871 2874 958 2958 quod
987 2875 1167 2960 fragmenta
1194 2898 1237 2944 ex
1265 2878 1316 2946 his
1340 2879 1454 2946 fabulis
1502 2885 1504 2954 l

306 2978 492 3063 superantia
513 2997 585 3044 cum
608 2975 670 3042 hoc
691 2981 879 3058 argumento
901 2975 984 3043 bene
1007 2979 1190 3046 concinnari
1218 2987 1354 3063 possunt
1361 3032 1370 3066 ,
1400 2984 1454 3050 etsi
1502 3001 1503 3062 ff

308 3099 349 3146 ex
373 3078 466 3146 huius
488 3079 597 3163 poesis
619 3078 720 3162 partis
741 3077 909 3160 naubagc
932 3097 997 3143 non
1019 3086 1085 3145 tam
1103 3081 1281 3165 locupletes
1297 3085 1454 3150 onesimus
1502 3095 1504 3154 i

308 3200 404 3264 quam
434 3201 475 3248 ex
503 3179 724 3264 dithyrambis.
775 3179 949 3263 Incipimus
977 3200 1054 3247 uero
1083 3203 1104 3247 a
1130 3181 1321 3250 Nicocharis
1349 3185 1456 3251 fabula
1502 3239 1504 3258 ,

308 3278 477 3346 Γαλάτεια
499 3281 587 3349 haud
602 3283 786 3368 ignorantes
801 3281 906 3348 solere
921 3279 1005 3348 bunc
1026 3289 1156 3366 poetam
1177 3285 1211 3350 in
1233 3286 1384 3369 autiquae
1408 3307 1455 3353 co·
1502 3259 1504 3342 l

308 3380 456 3447 moediae
478 3384 664 3450 auctoribus
684 3384 858 3466 numerari,
890 3384 948 3450 sed
970 3391 1122 3468 uergente
1145 3386 1251 3469 prisco
1275 3388 1455 3455 comoedica
1503 3393 1504 3432 i

309 3481 523 3564 componendi
545 3504 634 3550 more
657 3491 689 3551 et
710 3491 855 3569 tempore
877 3491 1005 3570 poetam
1034 3487 1198 3570 proprium
1226 3489 1303 3554 noui
1331 3492 1454 3572 generis

309 3588 531 3665 argumentum
547 3591 736 3652 mactantem
750 3605 854 3653 nouae
870 3588 966 3654 classi
980 3586 1152 3670 adsignare
1166 3589 1345 3656 maluimus.
1376 3592 1454 3658 lluu·

309 3689 448 3749 meratur
470 3688 578 3750 autem
594 3684 730 3751 Galatea
749 3685 886 3753 aSuida
901 3709 926 3754 s.
938 3709 968 3754 u.
981 3686 1178 3775 Νικοχάρης,
1201 3697 1233 3756 et
1255 3710 1296 3756 ex
1319 3695 1455 3759 omnium

310 3786 377 3852 iere
400 3790 578 3852 ceterorum
600 3786 762 3853 titulorum
786 3787 994 3854 similitudine
1017 3790 1193 3875 mythicam
1214 3811 1283 3857 rem
1313 3798 1455 3878 proposi·

310 3894 465 3955 tamesae
486 3892 594 3953 nostro
617 3887 686 3953 iure
709 3887 900 3953 concludere
921 3908 1106 3975 possumus;
1128 3912 1233 3976 neque
1254 3894 1364 3980 inepte
1385 3917 1455 3963 cou-

309 3989 430 4056 ieretur
445 3988 597 4072 Cyclopis
619 3986 722 4072 figura
744 4008 815 4055 cum
836 3988 985 4059 Herculis
1006 4013 1139 4060 uxorem
1162 3994 1307 4063 ducentis
1330 4002 1364 4064 et
1384 3997 1455 4066 cho·
