3028 4672
451 241 494 296 De
510 241 677 312 Polyphemo
695 247 722 298 et
740 243 861 300 Galatea.
1174 249 1233 310 207

81 413 285 498 p.2sssp.):
317 413 461 500 ληπτέον
489 411 525 478 δὲ
552 415 608 479 καὶ
639 413 786 480 σύνθετα
814 408 979 498 ὀνόματα,
1010 409 1048 482 ού
1071 417 1112 483 τὰ
1136 419 1236 486 διθυ-

83 517 253 600 ραμβικῶς
275 518 491 600 Ιοογνιεέμενα,
522 513 594 581 οῖον
620 511 867 603 (θεοπεράτοος
892 512 1038 596 πλύνας’
1065 540 1106 587 ex
1128 523 1236 590 Ulixis

82 619 192 701 aliqua
214 617 256 683 de
278 618 439 684 erroribus
460 620 652 686 narratione
665 625 852 703 excerptum
873 640 944 688 esse
966 629 1082 706 potest,
1106 624 1235 707 qualem

81 717 238 784 habemus
261 719 356 784 Hom.
373 719 433 786 Od.
448 720 507 804 IX,
524 722 701 787 uus-262.

166 821 297 898 Restat,
326 827 361 886 ut
383 822 471 904 quali
499 829 567 889 arte
589 824 787 891 Philoxenus
810 824 1045 910 Polyphemum
1073 825 1237 892 induxerit

81 922 225 989 breuiter
240 942 450 1006 exponamus.
486 925 633 1009 Apparet
648 945 690 992 ex
705 926 839 992 consilio
863 925 1060 1010 dithyrambi
1081 927 1237 992 nonnulla

81 1026 249 1107 pigmenta
269 1044 390 1090 nouare
412 1024 563 1093 debuisse
585 1025 816 1110 Philoxenum,
840 1047 923 1111 quae
946 1048 1018 1094 cum
1041 1028 1235 1111 Polyphemi

81 1145 221 1210 persona
236 1126 384 1193 sollemni
407 1146 471 1193 non
494 1147 618 1194 conexa
633 1129 782 1212 Dionysii
804 1131 892 1196 uitae
914 1151 953 1196 ac
974 1130 1115 1196 moribus
1138 1131 1235 1197 deno-

82 1228 189 1294 tandis
218 1228 424 1311 inseruirent,
455 1247 538 1311 quae
565 1249 649 1296 nunc
676 1251 717 1296 ne
740 1233 924 1297 coniectura
946 1231 1077 1315 quidem
1105 1251 1236 1315 prorsus

82 1330 211 1412 assequi
226 1349 407 1414 possumus.
441 1329 566 1397 Scimus
582 1351 668 1414 uero,
693 1333 821 1414 qualem
842 1335 875 1396 iu
898 1352 1016 1399 scaena
1033 1334 1237 1417 proposuerit

81 1439 179 1516 poeta
209 1431 558 1516 Pseudo-Dionysium
587 1453 629 1498 ex
657 1431 781 1498 scholio
809 1435 852 1498 ad
880 1434 976 1500 Arist.
998 1435 1083 1499 Plut.
1110 1456 1139 1500 u.
1157 1437 1235 1498 298:

81 1531 193 1619 πήραν
217 1530 349 1612 ἔχοντα·
381 1532 562 1610 Φιλοξένου
586 1529 657 1598 ἐστὶ
683 1536 894 1620 παρηγμένον
915 1535 973 1599 καὶ
994 1535 1092 1599 τοῦτο
1115 1532 1153 1600 τὸ
1178 1534 1236 1621 ῥή-

79 1633 148 1700 τύν.
179 1635 332 1699 τοιοῦτον
346 1632 410 1720 γὰρ
424 1633 482 1701 τὸν
497 1633 669 1700 Κύκλωπα
685 1632 812 1720 εἰσάγει
827 1632 939 1722 πήραν
962 1633 1077 1716 ’έχοντα
1098 1636 1154 1700 καὶ
1178 1633 1236 1700 ἐπὶ

79 1736 183 1822 ταύτῃ
201 1733 328 1817 λάχανα
347 1729 456 1822 ύγρια.
479 1771 521 1782 -
542 1731 678 1814 Ἄλλως.
709 1735 858 1802 ἐνταῦθα
873 1731 891 1802 d
908 1733 1051 1823 ποιητής
1070 1758 1236 1820 παιγνιω-

81 1837 146 1915 ὁως
163 1835 321 1924 ἐπιφέρει
335 1834 376 1902 τὰ
391 1839 451 1903 τού
467 1836 650 1915 Φιλοξένου
666 1837 777 1924 πήραν
799 1836 977 1922 βαστάζειν
991 1835 1050 1904 τὸν
1065 1836 1237 1904 Κύκλωπα

80 1941 135 2004 καὶ
161 1937 288 2020 λάχανα
311 1936 451 2005 ἐσθίειν.
490 1931 577 2004 ούτω
605 1937 668 2025 γὰρ
694 1945 861 2028 πεποίηκε
888 1939 946 2006 τὸν
968 1941 1028 2004 τού
1050 1938 1237 2016 Κύκλωπος

81 2037 266 2127 ὑποκριτήν
289 2038 336 2116 εἰς
358 2038 417 2126 τήν
440 2039 560 2128 σκηνὴν
583 2040 807 2127 εἰσαγόμενον.
840 2045 945 2107 ταῦτα
968 2040 1005 2106 δὲ
1026 2039 1139 2106 πάντα
1162 2041 1236 2107 δια-

14 2131 15 2134 *
83 2143 192 2231 σύρων
214 2139 273 2207 τὸν
297 2139 478 2218 Φιλόξενον
507 2137 601 2208 εἶπεν
629 2138 675 2220 ὥς
702 2141 746 2229 μὴ
777 2137 1003 2231 ἀληθεύοντα·
1033 2136 1052 2206 ὁ
1081 2140 1145 2228 γὰρ
1167 2141 1246 2206 Κύ-’

18 2301 19 2304 ,
82 2247 191 2329 κλωψ,
215 2235 261 2319 ὥς
276 2263 380 2330 φησιν
393 2234 549 2331 Ὅμηρος,
572 2247 652 2328 κρέα
672 2239 777 2330 ήοθιε
798 2247 855 2311 καὶ
877 2237 915 2310 ού
934 2236 1069 2324 λάχανα.
1106 2244 1238 2310 induxit

83 2350 183 2432 igitur
205 2346 382 2436 Cyclopem
411 2366 522 2429 peram
544 2354 723 2430 gestantem
746 2368 818 2414 cum
840 2346 980 2414 oleribus
1002 2346 1182 2430 agrestibus
1205 2352 1238 2411 et

83 2449 240 2530 roscidis;
272 2467 337 2530 qua
358 2448 392 2512 in
413 2467 448 2513 re
471 2447 557 2531 quod
579 2448 620 2513 ab
643 2448 783 2515 Homero
806 2449 1022 2531 discessisset,
1051 2449 1092 2513 ah
1114 2448 1236 2514 Aristo-

83 2551 192 2634 phane
215 2569 289 2615 eum
310 2549 496 2615 uellicatum
518 2567 589 2615 esse
612 2550 722 2634 inepta
744 2557 793 2618 est
815 2550 1010 2618 scholiastae
1032 2551 1157 2634 opinio;
1181 2570 1236 2616 ne·

85 2672 147 2735 que
171 2653 257 2718 enim
279 2657 411 2736 propter
433 2652 578 2718 ueritatis
600 2650 741 2718 studium
761 2653 976 2720 Philoxenum
998 2655 1157 2736 carpsisse
1179 2672 1237 2737 pu·

84 2753 202 2820 tandus
217 2759 265 2818 est
280 2755 429 2835 comicus,
452 2752 510 2818 sed
532 2759 567 2818 ut
587 2752 758 2820 ridiculam
772 2775 921 2823 scaenam
942 2755 976 2819 in
990 2753 1236 2820 Atheniensium

85 2855 274 2921 memoriam
295 2859 472 2923 reuocaret.
512 2855 627 2920 Talem
649 2863 756 2923 autem
780 2856 935 2922 exhibens
957 2855 1092 2938 figuram
1114 2855 1236 2920 scaeni-

86 2977 173 3040 cam,
205 2956 256 3020 cui
279 2954 429 3037 Dionysii
452 2956 579 3036 tyranni
601 2959 749 3040 proprios
771 2976 877 3024 mores
899 2958 953 3023 uei
974 2957 1081 3040 potius
1106 2956 1237 3038 propria

85 3059 165 3122 uitia
193 3057 322 3139 inussit,
351 3054 393 3120 ad
423 3053 683 3122 homunculorum
712 3064 857 3122 naturam
887 3056 1057 3122 uidebatur
1084 3055 1236 3121 Philoxe-

86 3178 144 3224 nus
166 3159 443 3241 appropinquasse
458 3158 624 3225 Aristoteli
645 3164 729 3242 poet.
746 3161 776 3240 2,
798 3157 902 3222 minus
922 3149 1022 3239 ‘quod
1044 3156 1181 3222 humane
1204 3163 1237 3222 et

14 3313 16 3344 .
87 3261 250 3326 uiuentem
272 3266 305 3325 et
326 3264 487 3324 amantem
513 3248 667 3340 induxit',
696 3263 732 3322 ut
756 3256 954 3323 Schmidtius
975 3278 1006 3340 p.
1024 3263 1123 3342 74sq.
1152 3259 1236 3323 arbi-

14 3413 15 3452 ,
88 3367 197 3445 tratur,
220 3361 279 3428 sed
295 3361 381 3443 quod
397 3380 470 3427 eum
486 3360 637 3426 instruxit
657 3359 856 3444 peruulgatis
879 3358 1112 3426 cotidianorum
1134 3359 1236 3426 homi-

87 3483 161 3528 num
183 3462 280 3546 uitiis,
303 3482 367 3528 non
386 3461 605 3529 formidulosis
628 3467 660 3526 et
680 3461 890 3526 monstruosis
911 3466 947 3526 ut
968 3461 1000 3525 in
1016 3460 1159 3546 cyclope
1182 3482 1236 3528 ex·
1293 3549 1295 3552 Ι

88 3569 212 3647 spectes
239 3582 344 3646 neque
372 3563 576 3648 exaggeratis
606 3567 639 3628 et
666 3561 824 3645 distortis,
855 3562 913 3629 sed
942 3563 1061 3630 uilihus
1090 3570 1122 3629 et
1143 3565 1235 3630 tritis.

87 3665 248 3750 Imprimis
269 3666 326 3731 illo
349 3665 460 3730 habitu
483 3663 654 3749 Cytherius
675 3663 803 3730 uidetur
824 3663 977 3731 denotare
1008 3685 1108 3749 genus
1135 3664 1236 3731 homi·

87 3787 171 3850 num,
195 3767 283 3848 quod
297 3767 355 3832 illc
369 3772 513 3850 tempore
528 3767 631 3851 magis
653 3767 821 3849 magisque
842 3765 1005 3834 inclaruit:
1028 3765 1237 3852 philosopho·

88 3888 156 3934 rum
185 3869 385 3952 cynicorum,
414 3887 549 3950 quorum
577 3873 687 3933 auctor
715 3866 922 3935 Antisthenes
951 3867 1084 3935 Socrate
1112 3873 1236 3932 mortuo

91 3976 121 4035 et
145 3971 243 4056 paulo
270 3976 344 4054 post
366 3969 529 4052 Diogenes
555 3968 751 4035 affectabant
777 3988 883 4035 rerum
911 3970 1164 4035 necessariarum
1190 3968 1236 4034 in·
