3028 4672
495 242 538 298 De
555 243 720 314 Polyphemo
738 248 765 299 et
783 244 906 300 Galatea.
1217 248 1279 306 151

17 483 19 490 .
121 415 201 482 inde
224 419 335 482 contra
361 434 420 481 nos
449 419 575 499 repetat
602 421 824 497 argumentum
853 417 940 500 quod
961 418 1072 485 Iouem
1100 420 1282 490 obtestatur

121 516 181 600 qui
202 516 315 582 Iouem
336 515 419 580 nihil
441 521 546 599 curet,
574 516 766 600 opponimus
787 517 952 602 Euripidis
974 537 1102 585 uersum
1118 524 1180 586 586
1203 523 1276 590 coll.

120 638 148 684 c.
165 638 220 684 uu.
238 619 299 681 320
311 636 382 699 sqq.
409 621 442 682 et
463 615 600 683 Theocr.
616 616 660 682 id.
676 617 739 700 XI,
755 620 806 684 29.
855 619 962 686 Ulixis
992 619 1090 702 igitur
1116 622 1276 689 sociorum

119 723 255 784 cruenta
283 716 368 802 dape
396 724 527 802 peracta
555 717 706 801 fingimus
735 719 829 786 nobis
857 719 1033 804 Cyclopem
1065 718 1147 789 haec
1177 723 1278 790 uerba

120 819 359 901 effundentem
377 838 452 886 uam
462 819 520 884 uix
531 817 742 904 Epicharmus
757 821 991 904 spectatoribus
1005 821 1110 905 ipsam
1123 823 1277 890 uescendi

119 940 274 988 scaenam
288 925 509 1004 proposuerat,
532 918 661 1003 siquid
684 919 836 1004 colligere
858 922 934 990 licet
956 943 998 989 ex
1013 922 1178 1006 Euripidis
1199 943 1276 992 aua·

118 1022 221 1106 logia,
243 1021 331 1105 apud
354 1039 450 1104 quem
470 1020 585 1088 Ulixes
606 1040 659 1086 uu.
676 1023 738 1086 382
750 1041 820 1105 sqq.
844 1022 886 1088 de
908 1043 989 1090 cena
1010 1023 1137 1090 funesta
1157 1031 1275 1108 narrat,

119 1125 194 1214 ipse
217 1122 435 1206 Polyphemus
457 1127 572 1208 postea
592 1121 721 1189 demum
743 1142 785 1188 ex
805 1128 897 1191 anuo
926 1124 996 1190 exit
1021 1124 1168 1192 uersibus
1189 1124 1275 1192 dna·

120 1225 282 1292 creonteis
297 1225 496 1308 uoluptatem
517 1229 551 1290 et
572 1223 753 1290 satietatem
774 1243 866 1289 suam
887 1224 1028 1310 prodens
1050 1225 1101 1292 bis
1119 1228 1276 1310 503sqq.:

276 1336 461 1404 παπαπαῑ,
484 1323 596 1399 πλέως
617 1322 678 1406 μὲν
700 1321 809 1403 οἵνοο,

276 1423 460 1509 γάνυμαι
482 1423 524 1490 δέ
549 1421 695 1499 δαιτὸς
716 1415 812 1510 ἥβῃ,

278 1524 407 1614 σκάφος
429 1521 529 1602 ὁλκὰς
551 1523 597 1602 ὥς
618 1525 794 1610 γεμισθεὶς

276 1628 357 1694 ποτὶ
382 1627 487 1710 σέλμα
508 1621 652 1712 γαστρὸς
673 1620 785 1708 ἄκρος.
824 1613 827 1616 ’

119 1730 251 1798 Βααέοέ
271 1729 411 1814 Uyclops
433 1731 539 1797 cibum
561 1728 658 1795 etiam
680 1726 768 1812 apud
790 1724 987 1809 Euripidem,
1010 1745 1082 1792 cum
1104 1725 1220 1794 Ulixes
1243 1728 1274 1794 ei

120 1832 275 1916 poculum
297 1831 366 1896 uini
388 1830 481 1897 offert
503 1849 556 1896 uu.
572 1831 711 1912 418sq.:
1281 1861 1282 1866 κ

306 1923 308 1930 ’
737 1926 878 2014 φίλτατε
900 1924 1015 2006 ξένων,

276 2027 378 2096 καλὸν
398 2027 436 2096 τὸ
460 2032 565 2112 σῶμα
588 2029 706 2094 δαιτὶ
727 2026 836 2114 πρὸς
857 2028 959 2113 aab?
982 2025 1093 2103 δίδως.

120 2135 176 2202 Ad
197 2133 282 2201 hanc
302 2135 407 2218 ipsam
430 2152 580 2200 scaenam
599 2133 761 2216 pertinere
782 2133 919 2197 alterum
940 2130 1162 2212 fragmentum,
1188 2129 1276 2211 qnod

120 2237 265 2304 seruauit
286 2233 472 2301 Athenaeus
493 2233 542 2298 XI
564 2253 595 2317 p.
611 2234 701 2298 498ο
721 2230 880 2309 (Eustatb.
902 2250 935 2314 p.
954 2232 1046 2311 1775,
1062 2227 1132 2311 20),
1156 2228 1276 2294 olima

120 2339 202 2406 uiris
224 2336 327 2404 doctis
349 2337 547 2402 intellectum
570 2339 634 2400 cst:

275 2427 353 2524 φέρ’
380 2433 492 2528 ἐγχέας
515 2431 562 2510 εἰς
582 2429 621 2499 τὸ
646 2428 772 2518 σκύφος
794 2432 843 2509 (fr.
860 2433 898 2495 61
910 2429 962 2505 Α.)

121 2540 155 2606 h.
172 2559 200 2606 e.
220 2531 296 2622 ‘age
323 2545 495 2622 postquam
517 2536 551 2602 in
572 2535 723 2619 poculum
751 2522 924 2614 infudisti',
954 2531 1042 2613 quod
1064 2530 1195 2616 Grysar.
1216 2533 1238 2598 l.
1254 2533 1276 2597 l.

120 2663 154 2726 p.
171 2642 233 2705 287
256 2641 420 2725 componit
441 2658 515 2705 cum
537 2656 632 2703 uersu
654 2635 826 2703 Homerico
842 2633 903 2702 Od.
916 2632 975 2717 IX,
989 2635 1066 2697 355:

278 2740 336 2819 δός
356 2764 418 2824 μοι
438 2737 490 2805 ἐ’σι
510 2734 676 2823 πρόφρων
697 2740 754 2800 act
775 2728 933 2823 proceeds
956 2725 1083 2815 οὕνομα
1106 2732 1197 2815 εἰπέ,

121 2854 155 2914 et
169 2851 304 2932 possunt
320 2843 466 2910 nonnulli
487 2841 551 2906 loci
573 2837 770 2922 Euripideae
791 2836 921 2903 fabulae
942 2835 1041 2919 paulo
1064 2837 1186 2903 maiore
1208 2838 1279 2903 iure

120 2947 282 3029 adhiberi,
304 2944 473 3028 imprimis,
495 2947 530 3006 ut
552 2941 734 3007 omittamus
757 2957 809 3004 uu.
826 2939 980 3019 416sqq.,
1003 2938 1081 3000 510:
1104 2938 1186 3021 φέρε
1207 2959 1277 3017 μοι,

121 3047 225 3127 ξεῖνε,
248 3037 324 3134 φέρ’
343 3035 446 3108 ἆσκὸν
468 3039 562 3117 tueor
584 3063 653 3122 μοι.
689 3044 767 3105 556:
797 3034 899 3121 ἐ’γχει,
922 3035 1036 3099 πλέων
1059 3032 1096 3098 δέ
1117 3031 1176 3101 τὸν
1198 3034 1277 3101 σκύ-

122 3174 200 3238 φον.
232 3150 310 3213 568:
334 3136 412 3232 φέρ’
432 3140 542 3228 ἐ’γχεόν
557 3165 624 3208 νυν.
656 3139 814 3207 Videntur
828 3135 1045 3221 Epicharmea
1065 3135 1184 3204 rudera
1205 3155 1277 3205 esse

121 3250 260 3317 trimetri
288 3247 435 3330 iambici,
469 3263 574 3328 neque
607 3243 717 3325 inepte
744 3241 817 3323 quis
845 3237 1019 3304 coniecerit
1047 3237 1147 3304 uerbo
1176 3237 1277 3322 linito,

122 3351 211 3437 quod
226 3349 269 3418 ad
284 3345 490 3434 participium
505 3343 617 3430 ἐγχέας
629 3341 811 3426 requiritur,
834 3338 972 3406 eandem
987 3335 1163 3405 indicatam
1176 3340 1277 3408 luisse

121 3453 331 3535 seutentiam,
355 3469 439 3534 quae
460 3447 591 3515 additur
612 3463 708 3511 uersu
731 3441 913 3525 Odysseae,
936 3440 984 3506 sic
1005 3439 1073 3506 fere
1107 3519 1109 3525 ,
1214 3463 1216 3468 ·

279 3543 357 3639 φέρ’
377 3548 488 3636 ἐγχέας
511 3545 559 3623 εἰς
581 3542 619 3611 τὸ
644 3541 770 3629 σκύφος
792 3534 955 3625 (τοῦνομα
966 3540 988 3617 ¹)
1014 3538 1112 3624 λέγε).

123 3657 210 3724 Nam
239 3661 272 3721 et
299 3652 387 3736 apud
408 3651 584 3717 Homerum
606 3649 628 3714 l.
643 3648 666 3713 l.
689 3652 721 3713 et
742 3644 830 3731 apud
851 3641 1041 3727 Euripidem
1069 3664 1101 3710 u.
1118 3645 1181 3709 548
1209 3651 1277 3712 tum

123 3758 265 3840 demum,
284 3775 356 3822 cum
369 3754 479 3818 uinum
492 3749 651 3836 praebuit,
670 3747 712 3814 ab
727 3746 825 3814 Ulixe
840 3765 957 3813 nomen
972 3746 1144 3828 quaeritur.
1176 3746 1277 3812 Maio-

218 3908 241 3970 1)
264 3909 388 3969 Τουνυμα
409 3899 512 3954 Dorice
534 3898 621 3952 forma
643 3895 716 3966 apud
739 3895 933 3965 Epicharmum
952 3891 1125 3962 lullae„
1153 3898 1278 3949 correcta

121 3989 314 4057 fr.1oo,3u.;
337 3987 372 4039 cl.
390 3983 539 4036 Abreutom
555 3981 589 4036 de
601 3979 664 4037 diei.
678 3981 743 4036 Dor.
763 3983 831 4047 517,
841 3983 867 4033 b.
