3028 4672
250 229 313 287 198
615 216 748 286 Georgius
766 214 901 270 Ricardus
918 213 1038 269 Hcllsnd

252 400 339 462 σθαι
354 390 412 458 ἐπὶ
426 388 494 454 τῶν
510 381 628 473 ἆρνιῦν,
654 378 725 469 cdxl
741 386 776 452 δὲ
792 377 1069 467 stomachatio
1084 386 1242 450 νοεῖσθαι
1257 403 1289 448 u.
1305 381 1409 450 schol.

250 500 288 565 ll.
304 497 362 580 IX,
375 496 436 558 219
459 490 610 570 (Timoth.
626 491 664 556 fr.
679 493 740 557 ino.
756 493 793 554 19
810 510 907 574 supra
921 510 953 573 p.
969 491 1051 565 183).
1086 487 1186 553 Recte
1207 485 1408 568 explicatum

248 599 293 666 ab
316 594 543 680 interpretibus
564 593 788 676 fragmentum.
827 592 967 656 Minatur
989 587 1208 672 Polyphemus
1230 592 1408 653 mactatum

251 701 291 765 iri
312 698 461 780 Ulixem,
485 697 567 762 sicut
589 696 660 779 ipse
681 711 783 778 agnos
806 691 1005 759 mactauerit.
1050 690 1191 773 Longius
1214 689 1313 771 igitur
1334 707 1409 772 pro·

251 800 356 886 gressi
386 803 460 864 sunt
489 797 570 862 socii
600 797 697 862 etiam
727 799 905 860 mactantes
934 812 1052 876 agnos,
1087 809 1170 873 quos
1197 788 1286 873 apud
1315 790 1410 854 Euri-

252 902 362 986 pidem
390 904 513 964 tantum
540 897 675 980 uirgulis
703 897 829 962 uinctos
858 894 1055 977 abactosque
1083 891 1223 957 uidimus
1252 890 1291 956 cf.
1316 889 1409 972 chl.

251 1006 315 1067 224
328 1021 375 1084 sq.
410 998 566 1064 Similiter
589 996 698 1063 Sileno
722 997 916 1062 calumniata
938 994 1131 1079 Euripideus
1151 992 1292 1076 Cyclops
1314 993 1409 1056 mini·

248 1109 336 1169 tatur
358 1120 410 1165 uu.
427 1101 489 1162 243
502 1118 566 1180 sq.:

764 1192 810 1273 ὥς
833 1201 1015 1284 σφαγέντος
1039 1186 1156 1259 αὐτίκα

458 1295 626 1384 πλήσουσι
649 1296 748 1386 νηδὺν
769 1297 830 1386 τὴν
853 1297 932 1385 ἐμήν
956 1304 988 1364 et
1003 1318 1033 1381 q.
1050 1317 1074 1364 s.

252 1403 392 1487 Cognita
413 1400 550 1486 hospitis
573 1402 764 1468 crudelitate
786 1401 1006 1490 pronuntiauit
1027 1400 1143 1467 Ulixes
1165 1399 1202 1463 ir.
1215 1400 1254 1462 9:

459 1499 521 1586 οἵῳ
544 1492 583 1584 μ’
609 1496 627 1568 ὅ
652 1500 781 1585 δαίμων
803 1505 919 1588 τέρατι
941 1497 1177 1586 συγκαθεῖρξεν

253 1606 374 1673 Zenob.
390 1605 430 1688 V,
450 1608 490 1668 45
525 1599 583 1668 ἐπὶ
612 1605 678 1670 τῶν
712 1599 1042 1684 δυσανασχετούντων
1071 1598 1131 1666 έπί
1158 1624 1226 1666 τινι
1260 1598 1414 1683 δυσχερεῖ
1503 1593 1504 1630 ³

253 1705 428 1792 πράγματι
443 1704 574 1790 λέγεται
590 1699 610 1791 ἡ
626 1699 806 1791 παροιμία.
839 1702 989 1788 Κύκλωψ
1009 1700 1072 1789 γάρ
1088 1699 1160 1768 ἐστι
1175 1700 1286 1785 δρᾶμα
1303 1701 1411 1767 Φιλο-

255 1807 348 1885 ξένου
362 1806 423 1869 τοῦ
437 1807 590 1892 ποιητοῦ,
614 1803 648 1873 ἒν
669 1799 698 1891 ᾦ
720 1801 737 1872 ὃ
757 1789 936 1882 Ὀδυσσεὺς
957 1805 1175 1889 περισχεθεὶς
1196 1804 1244 1888 τῷ
1265 1804 1326 1867 τοῦ
1341 1800 1412 1867 Κύ-
1503 1811 1504 1818 ’

253 1909 389 1981 κλωπος
411 1905 568 1991 σπηλαίῳ
597 1906 685 1989 λέγει
707 1914 766 1974 etc.
797 1908 935 1991 Diogen.
947 1908 1023 1991 VH,
1041 1910 1096 1990 193
1126 1906 1238 1990 Apost.
1261 1904 1342 1989 XII,
1359 1908 1411 1969 52.

253 2009 348 2078 Multi
369 2012 443 2074 sunt
465 2005 661 2076 Schmidtius
681 2031 713 2094 p.
727 2010 823 2093 disq.
846 2014 879 2075 et
900 2009 1074 2093 Bippartus
1096 2029 1128 2092 p.
1146 2010 1186 2071 43
1198 2027 1246 2090 sq.
1269 2008 1303 2073 in
1325 2007 1412 2072 uiro·

255 2131 326 2178 rum
348 2111 514 2176 doctorum
540 2110 582 2176 de
610 2109 673 2177 hoc
700 2131 796 2178 uersu
822 2111 982 2177 erroribus
1011 2109 1243 2176 enumerandis.
1287 2109 1413 2175 Tuetur

256 2219 394 2280 metrum
421 2211 574 2296 analogia
594 2231 615 2278 a
636 2213 800 2280 Meinekio
822 2212 910 2279 (lom.
933 2212 970 2277 fr.
983 2212 1028 2276 IV
1050 2232 1081 2296 p.
1095 2213 1156 2275 559
1185 2212 1300 2276 allata:
1331 2201 1409 2274 ἀλλ’

257 2310 310 2380 ela
325 2315 419 2376 τέκεα
435 2304 556 2393 θαμίν’
576 2309 839 2396 ἐπαναβοῶντες.
873 2312 970 2399 Apud
984 2313 1158 2380 Homerum
1181 2319 1271 2378 antro
1294 2313 1413 2380 inclusi

256 2416 460 2481 lacrimantes
488 2433 601 2480 manus
622 2417 694 2482 Ioui
722 2415 857 2482 tendunt
885 2421 1015 2482 cruenta
1042 2415 1202 2482 sociorum
1230 2433 1311 2480 nece
1338 2434 1413 2480 con·
1506 2423 1507 2450 ³

257 2522 369 2599 specta
383 2534 435 2580 uu.
447 2516 510 2577 294
519 2533 578 2598 sq,
600 2516 688 2601 apud
703 2516 892 2600 Euripidem
906 2535 958 2581 uu.
971 2517 1030 2580 351
1040 2536 1086 2599 sq.
1103 2516 1264 2582 exclamat
1279 2515 1413 2583 Ulixes:

767 2619 963 2699 κρείσσονας
984 2614 1047 2702 γὰρ
1065 2609 1167 2682 Ἰλίου

462 2713 587 2791 πόνους
609 2708 756 2802 ἀφῖγμαι
776 2707 860 2781 κᾶπλ
881 2716 1033 2783 κινδύνου
1053 2715 1181 2803 βάθρα.

257 2823 340 2887 Mira
369 2819 547 2886 hariolatus
576 2822 624 2884 est
651 2817 848 2901 Hartungius
870 2838 901 2902 p.
915 2822 993 2904 416,
1024 2823 1080 2904 qui
1107 2821 1286 2888 dormiente
1316 2822 1415 2905 Poly-

257 2923 376 3009 phemo
391 2921 507 2988 asserit
520 2920 651 2987 Ulixem
673 2919 754 2986 haeo
776 2926 922 2988 cantasse
944 2922 1050 3006 ipsum
1072 2942 1107 2989 se
1130 2922 1173 2988 ad
1195 2942 1276 3007 opus
1298 2942 1415 3008 perpe-

257 3025 406 3092 trandum
421 3023 652 3107 stimulantem;
676 3023 769 3106 quasi
785 3024 954 3106 quisquam
968 3043 1089 3107 angore
1104 3043 1258 3108 expresso
1273 3025 1417 3091 animum

258 3129 321 3195 sibi
342 3126 451 3194 addat.
489 3125 572 3192 Vino
598 3123 992 3209 incitatusPclyphemus
1014 3124 1101 3190 haud
1124 3125 1223 3191 dubie
1252 3127 1416 3198 tenuiores

258 3228 392 3295 affectus
415 3228 506 3295 Ulixi
528 3229 691 3312 professus
714 3227 765 3303 (cl.
787 3227 881 3293 Ribb.
904 3248 935 3312 p.
950 3228 1001 3302 73)
1024 3227 1170 3310 captiuos
1184 3225 1321 3293 'uidetur
1343 3247 1415 3294 coe-

258 3329 356 3411 gisse,
379 3333 414 3393 ut
435 3329 660 3396 comitarentur
682 3347 717 3394 se
739 3329 995 3412 comissaturum,
1018 3329 1100 3394 sicut
1122 3327 1217 3394 (lario
1241 3347 1335 3394 senes
1358 3329 1414 3394 ad-

258 3429 413 3510 hortatur,
435 3435 471 3494 ut
486 3449 520 3495 se
536 3436 720 3513 sequantur,
743 3431 797 3513 qui
814 3450 885 3496 cum
900 3436 1015 3514 postea
1029 3428 1070 3495 de
1087 3428 1249 3496 caecando
1271 3436 1414 3497 monstro

258 3530 359 3597 uerba
374 3529 493 3596 faciant
507 3531 571 3614 ipsi
584 3531 801 3597 Ithacensium
815 3538 923 3615 partes
946 3532 1132 3616 suscipiunt.
1169 3530 1319 3598 Statuere
1340 3551 1414 3615 pos-

259 3651 369 3700 sumus
398 3631 441 3697 ad
471 3650 563 3697 suum
590 3631 687 3697 finem
715 3631 849 3697 uertisse
871 3632 1086 3698 Philoxenum
1108 3632 1274 3717 Euripidis
1302 3633 1413 3699 inuen-

259 3740 337 3818 tum,
361 3735 416 3817 qui
432 3732 607 3817 Cyclopem
622 3732 749 3797 induxit
764 3733 969 3799 comissatum
991 3733 1037 3798 ire
1059 3733 1103 3799 ad
1118 3733 1278 3817 Cyclopes
1298 3733 1413 3800 fratres

259 3837 452 3919 gestientem
467 3855 519 3900 uu.
532 3838 604 3898 445.
620 3836 682 3898 530
691 3853 760 3917 sqq.
784 3852 844 3898 nec
856 3833 921 3899 nisi
936 3831 1038 3899 Sileni
1061 3854 1160 3901 auaro
1175 3836 1311 3902 consilio
1327 3838 1414 3914 (549)

259 3943 427 4004 retentum.
457 3937 568 4003 Voluit
586 3937 736 4002 nimirum
752 3935 907 4001 Galateae
922 3935 1015 4018 quasi
1029 3934 1289 4020 triumphantem,
1312 3938 1413 4022 capti·
