3028 4672
464 235 506 291 De
524 235 689 306 Polyphemo
708 239 736 292 et
753 237 875 293 Galatea.
1187 235 1248 296 175

91 409 333 478 doctissimum:
366 409 530 492 prouerbii
560 427 651 476 usum
681 415 713 475 et
741 411 905 494 originem.
951 411 1148 495 Usnrpatum
1178 433 1250 481 esse

92 511 159 578 hoo
180 510 389 594 prouerbium
411 509 452 576 de
474 510 585 576 liberis
606 511 708 576 nimia
735 513 942 595 posoentibns
970 513 1065 578 faoile
1094 515 1250 596 largimur

92 610 324 695 Aristophanis
346 611 539 679 scholiastae
556 617 588 678 et
602 612 755 697 Bergkio‚
779 613 838 681 sed
860 620 895 680 ut
916 613 952 680 fit
972 615 1069 697 longe
1091 615 1158 680 alia
1177 625 1248 700 pot-

92 719 165 780 erat
186 733 258 780 esse
281 713 389 797 origo,
418 733 515 796 quam
537 715 566 780 si
588 719 745 780 testantur
765 716 967 797 grammatici
989 717 1030 782 ab
1054 716 1112 782 illa
1139 717 1249 784 fabula

92 837 168 884 esse
189 815 415 902 repetandam,
445 835 502 888 our
523 816 795 899 tergiuersemur?
838 819 906 884 Iam
929 838 1002 885 oum
1029 818 1173 885 trimetro
1201 819 1248 884 in-

92 921 186 986 olusa
201 919 243 984 sit
257 919 426 1001 sententia,
450 917 492 983 ad
507 937 605 1000 qnam
621 917 766 985 alludere
781 918 1032 1004 Aristophanem
1054 918 1249 987 soholiastae

91 1021 267 1103 adnotant,
297 1021 497 1103 suspicamur
520 1039 562 1086 ex
584 1020 729 1087 dramate
758 1022 898 1105 satyriae
927 1029 1002 1090 ante
1023 1021 1248 1108 Aristophanis

91 1124 216 1190 Paoem
243 1121 275 1187 h.
292 1141 319 1188 e.
348 1128 422 1188 ante
453 1121 849 1205 01.89‚s=421aot0
879 1142 951 1189 eam
979 1131 1138 1208 sumptam
1167 1143 1249 1207 esse,

93 1225 206 1308 rogita
227 1243 269 1289 ex
291 1223 431 1291 Aristiae
454 1223 608 1309 (lyolope,
630 1243 673 1289 ex
696 1244 758 1308 quo
780 1225 1019 1308 prouerbialem
1042 1245 1171 1293 nemum
1192 1244 1248 1308 pe·

91 1327 188 1392 titum
204 1345 275 1393 esse
291 1346 388 1410 supra
404 1326 552 1393 uidimus.
585 1327 801 1408 Imaginamur
815 1331 924 1393 autem
939 1325 1063 1394 dixisse
1085 1327 1148 1394 hoo
1162 1333 1249 1410 saty-

92 1447 203 1495 rorum
233 1427 452 1511 coryphaeum
480 1429 571 1496 Ulixi
601 1434 633 1493 et
660 1424 837 1502 κονδύλους
870 1428 1070 1495 intellexisse
1102 1430 1249 1494 titionem

93 1529 213 1597 eodem
233 1528 347 1613 modo,
378 1550 441 1612 quo
463 1529 552 1614 apud
573 1528 762 1612 Euripidem
783 1528 938 1595 herbosus
960 1534 1009 1594 est
1037 1530 1071 1594 in
1098 1530 1248 1596 adhorta-

92 1633 183 1699 tione
211 1631 315 1714 magis
343 1651 440 1714 quam
469 1633 503 1698 in
531 1632 657 1699 aetione
687 1650 739 1696 nu.
763 1631 823 1694 473
836 1649 906 1713 sqq.
935 1631 997 1694 483
1009 1651 1079 1714 sqq.
1103 1631 1165 1696 608
1178 1649 1248 1714 sqq.

92 1735 242 1816 630sqq.
270 1734 333 1796 654
345 1752 414 1816 sqq.
443 1734 598 1800 translato
627 1753 724 1799 sensu
751 1733 861 1817 palum
890 1735 1050 1800 funestum
1079 1733 1248 1818 appellans

91 1838 248 1922 καρκίνον
271 1853 300 1898 n.
314 1837 386 1899 609.
1184 1921 1185 1924 ρ

180 1938 233 2002 Ex
248 1934 393 2001 dramate
408 1937 547 2018 satyriae
563 1935 673 2001 fabula
687 1936 746 2001 illa
761 1936 887 2030 transiit
900 1936 942 2002 ad
957 1936 992 2002 id
1007 1936 1115 2020 poesis
1136 1955 1248 2020 genus,

91 2041 145 2107 oui
167 2038 344 2120 antiquitus
367 2044 436 2103 erat
457 2038 605 2121 oognatio
629 2057 701 2104 enm
726 2042 905 2121 satyrorum
928 2038 1050 2122 ohoris,
1079 2039 1113 2102 in
1141 2036 1247 2117 dithy-

92 2141 252 2208 rambum.

573 2407 699 2485 (tiron
725 2409 771 2484 V.

230 2557 285 2636 De
310 2557 533 2661 Ροίμμίιοοιο
561 2564 599 2635 τί
626 2557 779 2636 Galatea
805 2561 842 2636 ι’νι
869 2557 1118 2660 dithyrambos

636 2733 655 2808 ξ
679 2736 707 2796 1.

422 2867 479 2932 De
501 2866 706 2933 Timothei
729 2865 919 2951 Oyolope.

179 3003 417 3071 Proficiseimur
446 3023 467 3068 a
494 3003 566 3068 looo
588 3002 772 3068 Aristotelis
801 3001 936 3066 multum
962 3004 1081 3065 uexato
1110 2997 1247 3063 neodnm

92 3127 225 3194 prorsus
240 3106 284 3172 ad
297 3104 456 3188 liquidum
470 3104 626 3188 perdueto
648 3109 734 3186 poet.
750 3103 783 3166 Π
804 3121 835 3184 p.
850 3103 932 3164 1448
940 3121 969 3182 a,
985 3101 1102 3182 10sqq.
1134 3097 1247 3165 Sermo

93 3215 143 3278 est
166 3209 208 3276 de
230 3207 409 3274 imitatione
431 3203 594 3290 (μιμήσει)
621 3205 785 3288 agentium
808 3197 1049 3284 (πραττόντων)
1076 3201 1111 3265 in
1133 3201 1248 3284 quouis

93 3330 214 3395 genere
237 3307 406 3391 tractandi,
429 3326 513 3391 quae
536 3306 667 3389 quidem
689 3303 805 3370 reddat
826 3308 882 3368 aut
903 3302 1054 3368 meliores
1076 3307 1132 3368 ant
1153 3321 1249 3387 pares

92 3419 151 3482 aut
172 3411 358 3492 deteriores,
382 3415 415 3476 et
435 3408 593 3493 pergitur:
616 3407 673 3471 καὶ
686 3402 724 3470 τδ
742 3404 821 3490 περὶ
836 3400 914 3479 τοὺς
930 3400 1047 3488 λόγους
1062 3403 1169 3468 τεκαὶ
1189 3398 1249 3487 τὴν

92 3514 327 3600 ψιλομετρίαν,
348 3499 580 3596 οἷονὍμηρος
601 3506 661 3590 μὲν
683 3507 846 3592 βελτίους,
870 3504 1034 3591 Κλεοφῶν
1050 3502 1086 3569 δὲ
1101 3498 1247 3587 ὁμοίους,

88 3613 249 3703 Ἡγήμων
272 3606 348 3677 δὲὸ
375 3608 502 3687 Θάσιος
524 3605 542 3676 δ
565 3607 624 3687 τὰς
651 3608 829 3697 παρῳδίας
855 3604 1004 3694 ποιήσας
1031 3608 1165 3693 πρῶτος
1192 3605 1249 3670 καὶ

93 3713 282 3803 Νικοχάρης
304 3708 322 3779 δ
346 3710 405 3799 τὴν
427 3711 583 3800 Δηλιάδα
601 3717 748 3798 χοίρους·
779 3706 906 3794 δμοίως
929 3707 1043 3774 δὲκαὶ
1065 3709 1146 3794 περὶ
1170 3703 1249 3782 τοὺς

92 3816 327 3905 διθυράμβους
340 3815 397 3880 καί
412 3816 491 3900 πυρί
506 3811 585 3891 τοδς
596 3812 726 3898 νόμους,
743 3804 858 3899 ὥσπερ
876 3843 891 3875 a
908 3841 923 3872 κ
941 3813 1011 3895 μᾶς,
1026 3807 1215 3883 Κύκλωπας
1227 3809 1247 3885 ¹)

183 3989 207 4053 1)
226 3983 292 4040 cod.
310 3983 373 4039 Par.
393 3975 487 4052 ὥσπερ
502 3981 507 4051 Ι
521 3981 574 4053 yda
590 3979 738 4034 κυκλωπᾶσ
