2998 4674
265 255 329 315 274
627 249 758 320 Georgius
776 247 910 304 Ricardns
928 245 1046 304 Helland

266 429 391 512 ignem3
419 416 603 509 ὄπνήτειρα
625 430 732 490 autem
752 419 906 503 κάμινος,
930 440 1025 502 quam
1046 439 1106 485 nos
1129 418 1171 484 de
1193 417 1349 485 culinaria
1373 419 1424 483 in-

268 530 452 613 tellegimus
474 527 621 609 fornace,
644 524 788 590 indicare
810 521 939 589 uidetur
959 522 1062 605 palati
1084 521 1298 603 elegantiam,
1321 539 1425 602 quam

267 631 438 696 retinuisse
461 648 479 694 e
502 626 671 694 comoedia
692 625 822 691 doctum
844 623 939 689 decet
960 621 1224 689 Alexandrinum.

355 730 521 797 Gonoessit
553 727 689 812 agrestis
720 727 770 790 uir
787 723 837 792 'se
867 722 1106 808 pulchritudine
1138 743 1203 789 non
1234 727 1424 807 praestare;

269 832 478 900 nihilominus
505 837 541 896 ut
565 830 674 897 ueniat
701 829 735 892 in
763 834 888 893 antrum
916 832 986 892 orat
1007 824 1176 892 Galateam
1203 825 1339 892 fortasse
1370 822 1427 889 his

272 936 380 1002 uerbis
627 927 720 1012 ἔμπα
741 951 778 1013 με
799 924 865 1012 μὴν
887 925 944 992 ἰ’θι
968 925 1063 1010 δεῦρο

270 1037 378 1121 Apoll.
392 1036 490 1118 Dyso.
506 1032 547 1099 de
562 1031 636 1097 adu.
658 1034 770 1115 1154,
782 1033 823 1093 25
839 1029 934 1096 Schn.
959 1028 1122 1105 (Schneid.
1139 1028 1252 1112 fragm.
1267 1047 1426 1110 anonym.

272 1142 356 1211 267).
393 1136 480 1201 Inter
494 1133 557 1200 hoc
579 1139 611 1198 et
629 1151 851 1214 praegressum
872 1131 1083 1215 fragmentum
1106 1132 1140 1195 ni
1161 1130 1303 1196 fallimur
1324 1130 1425 1195 inter-

272 1237 414 1325 ponendi
430 1241 522 1303 erunt
536 1253 647 1302 uersus
662 1233 703 1298 ab
718 1232 886 1299 Athenaeo
902 1253 943 1299 ex
958 1232 1148 1300 Callimachi
1163 1233 1300 1302 Galatea
1318 1233 1426 1298 allati.

272 1340 419 1407 Meminit
440 1357 517 1404 uero
539 1335 678 1419 Cyclops
700 1335 819 1400 aemuli
845 1335 942 1400 inuisi
964 1341 997 1400 et
1016 1337 1126 1402 nescio
1149 1356 1191 1400 an
1212 1334 1361 1402 effundat
1391 1335 1426 1399 in

274 1463 346 1509 eum
369 1441 473 1506 minas
495 1437 755 1520 sanguinolentas
777 1433 874 1501 hasco

380 1542 439 1606 τοῦ
459 1537 519 1622 μὲν
542 1534 604 1622 ἐγώ
629 1533 770 1615 ζώοντος
792 1527 963 1601 ἆναιὸέσιν
986 1532 1172 1624 ἔμπήξαιμι

381 1639 527 1717 σκώλοος
549 1631 778 1727 ὀφθαλμοῖσι,
801 1637 858 1702 καὶ
880 1635 910 1702 εἰ
931 1641 1034 1720 θέμις
1056 1630 1131 1721 ὠμὰ
1153 1643 1330 1726 πασαίμην

275 1746 365 1815 Snid.
381 1766 406 1812 s.
419 1765 449 1810 u.
466 1742 602 1817 σκῶλος.
626 1735 715 1815 εἶδος
731 1729 895 1826 ἀκάνθης,
919 1729 940 1827 ἢ
956 1739 1139 1806 σκάνδαλον
1154 1741 1261 1817 (Schn.
1277 1743 1427 1808 11111111.

276 1849 344 1930 58),
367 1846 479 1929 quales
501 1842 589 1927 apud
611 1841 763 1909 Ouidium
786 1840 819 1905 in
840 1843 933 1909 Acim
956 1844 1073 1910 conicit
1094 1848 1168 1909 met.
1185 1844 1276 1927 XIII,
1291 1845 1353 1908 865
1365 1865 1429 1928 sq,

275 1949 436 2030 adquam
463 1947 570 2014 locum
597 1945 745 2028 proxime
773 1943 900 2010 aceedit
929 1945 1072 2012 eiusdem
1102 1944 1362 2030 anthropophagi
1394 1948 1430 2012 in
1496 1977 1497 1988 ¹

276 2051 409 2119 Ulixem
424 2047 542 2114 emissa
563 2046 693 2112 iactatio
710 2043 769 2111 01.
785 2050 860 2112 met.
872 2045 959 2130 XIV,
975 2049 1034 2110 194
1043 2066 1112 2130 sqq.
1120 2050 1141 2124 ¹)
1173 2048 1310 2132 Propter
1331 2067 1430 2134 repe-

276 2154 368 2220 titam
390 2156 497 2217 autem
519 2148 677 2238 uiscerum
699 2147 894 2214 mentionem
918 2148 951 2212 in
973 2147 1095 2214 Suidae
1122 2150 1194 2215 loco
1216 2157 1327 2216 nostro
1354 2151 1430 2216 inre

276 2255 370 2320 nobis
385 2250 530 2317 uidemur
544 2249 587 2315 ad
603 2249 797 2334 explendam
812 2250 1003 2316 sententiam
1024 2251 1057 2316 in
1076 2252 1217 2335 proximi
1238 2271 1350 2319 uersus
1373 2273 1429 2318 oa-

277 2358 345 2441 pite
367 2353 488 2421 addere
511 2348 624 2434 ’έντερα
646 2352 702 2429 (1ο.
718 2342 793 2433 ὠμὰ
808 2354 994 2435 πασαίμην)
1016 2353 1070 2418 uel
1092 2354 1120 2419 si
1139 2352 1218 2436 quid
1233 2354 1428 2436 exquisitius

279 2458 383 2523 mauis
405 2457 439 2520 in
462 2451 660 2521 callimacho
682 2455 780 2536 γέννα
802 2453 840 2519 ο1.
863 2454 900 2517 ir.
917 2455 988 2517 525.
1027 2453 1188 2537 Impudici
1210 2461 1319 2520 autem
1341 2457 1432 2522 oculi

279 2559 380 2641 probe
403 2557 552 2622 dicuntur
573 2555 615 2620 ab
636 2563 779 2622 amatore
801 2555 910 2636 aliquo
933 2555 1052 2620 aemuli
1081 2554 1218 2638 lumina,
1247 2575 1331 2641 quae
1352 2557 1431 2624 abs·

278 2660 381 2724 tinere
403 2677 467 2723 non
488 2661 661 2740 potuerunt
682 2662 809 2721 amatae
837 2657 955 2739 forma3
983 2656 1111 2723 accedit
1132 2656 1219 2741 quod
1241 2678 1323 2725 unns
1347 2657 1432 2740 fere,

280 2761 336 2845 qui
364 2757 464 2825 cruda
485 2757 625 2823 uescitur
647 2776 742 2822 came
771 2755 927 2840 humana,
954 2757 988 2822 in
1010 2757 1205 2825 Graeoomm
1225 2758 1434 2844 mythologia
1498 2800 1499 2805 κ

281 2869 329 2929 est
350 2857 580 2943 Polyphemus,
603 2856 886 2942 anthropophagus
907 2849 982 2921 κατ’
1006 2855 1128 2945 ἐξοχήν,
1151 2863 1240 2928 cuius
1263 2868 1313 2928 est
1335 2865 1433 2945 qnasi

280 2965 383 3044 θέμις
407 2955 489 3027 ‘mos
517 2960 708 3044 antiquitate
735 2949 890 3024 sanctus'.
933 2961 1146 3044 Agnoscimus
1174 2969 1282 3029 autem
1310 2971 1434 3030 tectam

281 3066 424 3151 aliquam
452 3063 599 3129 notitiam
626 3059 846 3128 Alexandrino
874 3062 957 3128 mori
985 3065 1227 3130 conuenientem
1256 3066 1292 3130 in
1320 3068 1432 3132 uerbis

282 3163 470 3252 ἐμπήξαιμι
485 3161 632 3240 σκώλονς
649 3155 892 3249 ὀφθαλμοῖσιν,
916 3163 1031 3245 quibus
1053 3165 1180 3232 nescius
1202 3167 1273 3249 ipse
1288 3166 1433 3252 Cyclops

282 3271 420 3336 futuram
434 3288 573 3354 poenam
590 3273 621 3333 ct
635 3267 790 3332 ultionem
812 3267 1004 3331 uaticinatur
1026 3266 1124 3333 simili
1145 3267 1213 3333 iere
1235 3269 1341 3353 modo,
1365 3290 1432 3352 quo

282 3369 371 3452 apud
387 3368 594 3436 Theocritum
608 3369 666 3450 XI,
679 3371 775 3450 52sq.
797 3387 894 3433 unum
910 3368 1037 3433 oculum
1059 3369 1151 3434 exuri
1172 3389 1192 3434 a
1214 3368 1341 3436 deliciis
1362 3371 1431 3437 suis

283 3489 318 3536 se
333 3491 501 3554 passurum
518 3471 718 3554 promiserat.
753 3469 821 3535 lam
836 3470 1016 3553 conspectis
1030 3468 1133 3536 Acide
1149 3475 1181 3536 et
1195 3469 1333 3537 Galatea
1354 3492 1431 3538 con·

284 3571 423 3638 surrexit
450 3572 577 3636 ululans
611 3563 779 3655 (ὗνιόρωρε
806 3567 976 3654 βοώμενος
1004 3571 1042 3637 ir.
1065 3591 1158 3637 anon.
1178 3573 1240 3637 363
1250 3576 1274 3651 ²)
1308 3573 1348 3639 cf.
1368 3572 1431 3640 On.

285 3677 359 3738 met.
372 3670 463 3754 XIII,
474 3673 532 3734 871
552 3672 624 3737 coll.
640 3692 692 3737 uu.
706 3674 768 3737 876
776 3675 835 3756 sq.)
859 3678 891 3738 et
911 3673 1070 3740 letiferum
1088 3674 1206 3739 iactum
1221 3676 1430 3758 perpetranit.

374 3825 397 3885 1)
415 3819 459 3875 Ad
475 3820 557 3874 talem
575 3819 631 3874 tere
649 3818 743 3874 AcidIs
761 3827 874 3877 mortem
890 3821 1046 3891 pertineant
1062 3825 1244 3890 monuments,
1263 3822 1431 3892 qnaeWel·

287 3908 414 3962 ckerus
431 3921 548 3961 monum.
560 3903 697 3973 antiun
714 3919 742 3974 p.
754 3907 802 3958 233
813 3921 852 3974 sq.
870 3907 925 3962 huc
942 3905 1033 3962 refert.

372 3996 397 4057 2)
415 3990 458 4045 Ex
476 3989 634 4046 Schneideri
652 3989 844 4046 emendatione.
