2998 4674
296 238 357 299 288
655 239 787 308 Georgius
805 237 938 296 illoardus
956 239 1075 296 Helland

294 410 405 478 Nicias
426 412 546 479 amoris
572 412 727 478 felicitate
756 413 858 480 elatus
887 433 950 480 non
976 413 1086 480 nescio
1113 414 1218 480 amico
1241 447 1283 458 -
1306 412 1351 480 sic
1371 405 1429 496 ἄρα

293 514 471 598 particulae
499 514 566 579 uim
594 515 853 598 persentiscimus
881 549 922 560 -
951 515 1149 599 respondens
1178 513 1329 598 idemque
1357 515 1429 580 illud

295 615 477 700 exemplum
492 614 534 680 ad
551 634 590 682 ea
605 635 688 698 quac
706 616 776 700 ipse
794 623 945 700 expertus
968 623 1037 682 erat
1058 616 1200 702 adaptat.
1233 617 1348 683 Talem
1369 617 1429 699 qui·

295 716 370 782 dem
391 718 548 783 rationem
570 718 777 784 edoctorum
799 718 886 785 illius
913 720 1030 784 aetatis
1057 724 1226 802 poetarum
1247 719 1427 784 commercio

293 837 357 883 non
378 825 528 903 putamus
549 819 688 885 alienam
710 820 823 903 fuisse,
853 821 973 905 quippe
995 820 1050 902 qui
1078 819 1254 886 subtilitate
1281 821 1429 886 rationum
1480 801 1481 852 ¹

294 919 382 987 haud
396 940 523 1004 semper
537 922 648 986 natiue
662 921 802 987 solerent
816 928 938 988 certare
961 927 994 988 et
1014 921 1153 987 inuicem
1175 940 1246 988 sese
1268 922 1427 988 lacessere.

293 1022 342 1089 Ac
364 1022 500 1089 fortasse
521 1021 711 1089 Theocritus
738 1043 802 1088 non
831 1025 930 1092 tacuit
956 1024 1141 1106 lacessitus,
1170 1022 1229 1090 sed
1256 1023 1371 1106 idyllio
1390 1021 1430 1086 VI

293 1143 401 1190 rursus
416 1125 450 1189 in
464 1125 602 1190 amicum
621 1124 717 1189 uertit
738 1125 894 1192 irrisionis
915 1144 1051 1192 acumen
1072 1144 1262 1207 comparans
1278 1145 1352 1191 eum
1366 1144 1427 1191 cun

294 1224 436 1309 Cyclope
456 1226 670 1311 superbiente,
692 1225 751 1292 sed
772 1226 945 1293 allalatea
964 1228 1069 1310 illuso,
1092 1227 1180 1311 quod
1201 1247 1330 1294 carmen
1352 1226 1428 1292 misit

294 1326 337 1393 ad
359 1347 559 1394 communem
580 1329 719 1394 amicum
741 1329 782 1395 ob
805 1329 1056 1395 familiaritatem
1076 1331 1253 1413 initiatum,
1275 1329 1427 1395 Aratum

293 1431 345 1508 (cf.
367 1429 411 1496 id.
427 1431 481 1512 VI,
497 1433 538 1505 2).
582 1430 696 1512 Neque
724 1431 822 1514 igitur
850 1431 1060 1516 suffragamur
1087 1432 1269 1498 Kreussleri
1299 1431 1426 1509 (obsera.
1481 1487 1482 1526 ,

293 1531 429 1600 Theocr.
448 1535 529 1597 1870
554 1552 586 1617 p.
603 1534 694 1616 8sq.)
722 1533 839 1599 rationi
867 1533 1032 1618 (probatae
1060 1534 1102 1600 ab
1131 1533 1310 1616 Hartungio
1340 1532 1426 1598 indic.
1481 1537 1482 1582 ἱ

293 1633 405 1719 philol.
418 1635 495 1701 VIII
515 1654 547 1719 p.
562 1637 650 1717 124),
673 1636 728 1717 qui
750 1642 930 1701 mutuorum
953 1635 1128 1701 carminum
1149 1635 1258 1701 orbem
1280 1634 1427 1717 composi-

292 1744 359 1806 tum
387 1743 478 1820 putat
500 1757 541 1804 ex
562 1737 676 1803 Niciae
705 1737 846 1803 carmine
874 1738 984 1820 aliquo
1010 1729 1119 1820 ‘pleno
1148 1755 1321 1802 aerumnae
1347 1756 1426 1802 ama-

292 1840 395 1904 toriae
416 1859 455 1904 ao
477 1829 736 1923 desperationis,
766 1858 830 1905 non
851 1839 1038 1922 superstite,
1062 1838 1275 1904 consolatorio
1297 1837 1425 1904 Theocr.

293 1940 337 2006 id.
352 1940 409 2023 XI,
432 1959 586 2022 responso
600 1939 713 2006 Niciae
735 1942 853 2023 lacero,
876 1939 991 2024 idyllio
1006 1938 1142 2007 Theocr.
1155 1939 1237 2004 XIII
1250 1940 1295 2005 ad
1308 1941 1426 2006 Niciam
1482 1949 1483 2016 l

293 2041 401 2124 misso,
424 2047 457 2108 et
474 2033 662 2124 ‘aliquando
678 2047 809 2126 propter
830 2061 997 2110 commune
1018 2047 1239 2125 argumentum
1262 2061 1325 2108 uno
1345 2042 1427 2107 uolu·
1482 2077 1483 2090 .

292 2147 379 2211 mine
395 2134 542 2212 editum'.
578 2143 697 2225 Idyllio
711 2145 798 2209 enim
811 2143 891 2208 XIII
913 2149 945 2209 et
964 2143 1035 2226 ipso
1050 2143 1093 2208 ad
1108 2162 1249 2209 amorem
1272 2147 1427 2228 spectante

293 2255 325 2313 et
347 2248 586 2314 excusationem
607 2247 648 2312 ab
671 2245 800 2313 heroico
823 2246 972 2328 exemplo
995 2250 1133 2329 petente,
1157 2246 1305 2328 exemplo
1328 2251 1426 2310 tamen

291 2371 355 2416 non
370 2350 498 2434 puellae
513 2355 630 2430 aestus,
648 2347 707 2414 sed
720 2349 812 2432 pueri
828 2347 968 2430 delicati,
987 2366 1099 2432 parum
1117 2347 1280 2430 eleganter
1295 2348 1424 2414 Alexan·

293 2452 418 2518 drinum
433 2458 519 2518 certe
532 2458 661 2536 poetam
674 2450 716 2516 ad
731 2451 899 2535 pristinam
911 2448 1074 2515 flammam
1095 2455 1315 2533 respecturum
1335 2449 1424 2515 fuisse

291 2556 363 2638 ipsc
378 2553 566 2621 confidimus
581 2552 783 2619 doctissimus
797 2552 952 2635 nobisque
970 2551 1003 2616 in
1020 2551 1132 2635 paucis
1148 2549 1302 2616 colendus
1323 2557 1423 2617 auctor
1483 2611 1484 2618 ,

291 2655 378 2729 illius
406 2673 547 2720 conexus
574 2654 736 2737 largietur.
785 2653 942 2719 Nicianae
969 2653 1076 2735 poesis
1105 2653 1262 2735 reliquiae
1295 2653 1423 2718 minores

292 2764 379 2841 sunt,
402 2776 497 2840 quarn
519 2759 555 2819 ut
576 2755 735 2837 quomodo
756 2755 940 2821 euomuerit
961 2774 1028 2820 rem
1051 2753 1163 2822 doctus
1186 2753 1330 2820 medicus
1351 2754 1423 2820 diui·

290 2878 368 2926 nare
382 2859 551 2945 possimus,
568 2877 686 2924 nouem
701 2858 929 2942 epigrammata
943 2855 1143 2922 dedicatoria
1156 2857 1321 2941 pleraque,
1338 2875 1424 2922 uuum

292 2961 466 3029 irrisorium
482 2959 622 3039 (Anthol.
634 2960 703 3025 Pal.
714 2960 772 3042 XI,
786 2958 869 3033 398).
906 2955 1056 3023 Attamen
1073 2957 1147 3024 talis
1161 2958 1345 3026 mutationis
1359 2977 1422 3024 auc·

279 3071 391 3130 ttorcm
415 3064 570 3130 exsistere
591 3063 734 3146 potuisse
749 3060 877 3126 Niciam
898 3059 1071 3143 persuadet
1092 3061 1194 3144 magis
1217 3079 1315 3142 quam
1328 3059 1421 3126 Theo·

280 3159 361 3232 orditi
384 3166 536 3232 toletum
559 3163 599 3232 de
622 3165 726 3231 amico
747 3163 904 3229 beneuole
925 3162 1043 3228 faetrrm
1066 3161 1109 3228 id.
1125 3161 1183 3244 XI,
1197 3164 1225 3226 6.
1249 3161 1420 3244 XXVIH,7

280 3259 390 3332 Melea
403 3289 443 3341 tn
477 3267 637 3333 [ludereni
664 3264 860 3348 aestimatio,
892 3265 947 3347 qui
975 3284 1047 3330 eum
1076 3262 1208 3345 dignum
1236 3263 1421 3332 existimauit

281 3379 381 3442 quent
457 3418 474 3430 ..
511 3375 557 3433 :ot
571 3370 603 3433 in
620 3369 785 3452 στέφανον
801 3365 929 3432 Anthol.
942 3366 1010 3432 Pal.
1022 3367 1077 3449 IV,
1091 3370 1119 3449 1,
1134 3369 1227 3449 ltlsq.
1245 3366 1295 3445 (cl.
1308 3365 1419 3433 Iacobs.

281 3459 418 3534 Anthol.
437 3477 488 3532 ln:
514 3477 588 3535 tom.
604 3468 685 3533 XIII
705 3490 737 3553 p.
749 3469 833 3546 923).

369 3558 463 3635 (loni¹
479 3578 599 3636 cturam
620 3576 759 3637 nostram
780 3571 1014 3655 proposuimus,
1039 3568 1200 3651 quomodo
1222 3570 1341 3636 lactum
1361 3585 1420 3636 osse

281 3663 400 3755 possit,
423 3671 506 3736 utin
520 3673 649 3754 poetica
663 3671 769 3737 studia
783 3671 986 3739 induceretur
999 3672 1102 3738 altera
1121 3672 1238 3738 forma:
1260 3693 1326 3738 non
1340 3669 1421 3738 dubi-

283 3775 404 3858 tamus,
429 3773 505 3857 quin
523 3773 722 3856 perrexerint
743 3772 800 3836 alii
822 3779 938 3855 poetae
960 3771 1091 3839 scholae
1105 3774 1344 3841 Alexandrinae
1359 3791 1421 3840 ean

285 3877 439 3943 accolere
454 3881 551 3958 atque
565 3873 731 3954 adornare,
751 3872 836 3939 unde
851 3875 884 3940 in
899 3875 1005 3940 Nonni
1021 3880 1053 3940 et
1066 3875 1200 3941 Luciani
1215 3878 1421 3943 enarrationes

284 3973 412 4044 lumina
433 3978 631 4044 deucnerunt
654 3975 740 4056 (uide
763 3975 861 4041 etiam
883 3974 1010 4059 Helbig.
1026 3977 1048 4041 l.
1059 3977 1080 4041 l.
1096 3997 1127 4060 p.
1139 3979 1200 4042 366
1215 3976 1292 4054 fin).
