3028 4672
476 261 517 317 De
535 261 699 332 Polyphemo
719 265 748 316 et
765 262 888 318 Galatea.
1199 263 1261 323 223

105 457 136 520 p.
151 437 231 500 334:
253 436 352 510 τίως’
376 431 473 520 δηλοῖ
493 430 531 498 τὸ
555 429 622 517 πρὸ
646 434 716 497 τοῦ.
742 469 780 477 -
804 434 935 512 Ζωίλος
958 431 992 498 ἐν
1013 436 1062 518 τῷ
1084 432 1132 510 εἰς
1147 434 1261 500 Πολύ-

106 560 220 624 φημον
244 533 409 620 ἐγκωμίῳ·
439 525 525 600 eiiam
546 531 609 620 γὰρ
632 527 921 622 ὦμοννωμόνησαν
944 534 977 600 οἱ
999 536 1080 601 θεοὶ
1101 538 1182 621 περὶ
1203 539 1262 622 τῆς

105 641 273 722 τιμωρίας
286 633 424 723 ταύτης,
448 626 534 700 ὥστε
548 633 722 702 πάντοθεν
734 628 911 712 Ὀδυσσεύς
931 639 1015 714 τέως
1036 631 1055 703 ὃ
1076 635 1262 720 σωζόμενος

105 742 163 806 καὶ
185 737 247 815 τὰς
269 740 348 814 ναῦς
371 729 547 822 ἀκεραίους
569 735 852 822 περιποιούμενος
880 731 1066 826 περιιύφθη
1095 736 1179 822 μετὰ
1201 738 1262 826 τὴν

107 835 194 928 ἀρὰν
222 835 289 906 ὑπὸ
319 841 378 925 τῆς
398 831 557 925 Ἀθηνᾶς.
601 841 761 907 Nimirum
783 840 948 909 efficacem
972 842 1163 909 ostendebat
1190 845 1261 928 ipso

106 966 150 1012 ex
172 945 314 1012 Homero
337 943 387 1019 (of.
410 942 513 1009 Blass.
534 943 555 1007 l.
568 944 588 1008 l.
610 964 641 1026 p.
656 946 730 1022 345)
753 939 945 1019 ἐνσυαιικός
973 944 1029 1010 illc
1058 945 1260 1028 imprecatic-

105 1067 183 1114 nem
198 1043 392 1129 Polyphemi
415 1045 582 1111 excaecati
603 1044 637 1109 in
652 1045 783 1113 Ulixem
806 1047 957 1114 emissam
973 1045 1034 1112 Od.
1049 1046 1108 1129 IX,
1122 1047 1183 1108 528
1191 1065 1260 1128 sqq.

105 1151 154 1215 ita
176 1147 326 1232 quidem,
348 1152 384 1211 ut
406 1146 504 1212 etiam
525 1145 708 1230 Mineruae,
738 1147 947 1214 fidelissimae
969 1148 1109 1230 ultricis,
1138 1147 1262 1213 miseri·

106 1251 221 1318 cordia
244 1248 414 1316 destitutus
436 1248 542 1315 socios
565 1255 597 1314 et
617 1268 717 1314 naues
746 1250 907 1316 amitteret
936 1269 1047 1316 omnes
1075 1255 1171 1316 antea
1198 1269 1262 1315 non

106 1359 198 1419 tanto
223 1352 308 1417 facto
329 1350 497 1434 naufragio
527 1350 579 1424 (cf.
601 1349 713 1416 Lehrs.
728 1350 843 1416 Arist.²
865 1372 897 1434 p.
908 1355 993 1429 205).
1038 1353 1145 1434 Atque
1167 1352 1263 1417 facile

106 1455 324 1538 imaginamur
344 1453 444 1519 iustas
459 1451 694 1518 demonstrasse
709 1451 835 1517 Zoilum
857 1472 970 1536 preces
993 1454 1071 1518 istas
1093 1451 1262 1518 ratiocina-
1330 1521 1335 1534 Ι

106 1557 198 1621 tione
213 1553 400 1638 sophistica,
424 1555 514 1620 cuius
529 1553 639 1619 uiuam
654 1554 827 1636 imaginem
850 1555 883 1618 in
905 1555 1066 1620 consimili
1083 1573 1181 1619 causa
1202 1555 1262 1619 uti-

105 1658 185 1722 liter
213 1655 359 1722 oonferes
382 1654 523 1738 Gorgiae
550 1648 676 1739 Ἑλένης
698 1649 876 1740 ἐγκώμιον,
907 1657 1011 1722 causis
1039 1655 1171 1720 inuentu
1199 1675 1263 1720 non

107 1757 316 1841 difficilibus,
346 1757 497 1840 quoniam
522 1756 722 1823 clandestino
746 1757 881 1824 consilio
903 1757 1082 1823 Ithacensis
1104 1756 1262 1823 dormien-

107 1865 178 1925 tem
205 1864 380 1925 necaucrat
409 1858 569 1942 hospitem
599 1859 650 1938 (of.
673 1859 776 1926 Blass.
800 1860 820 1924 l.
833 1860 854 1924 l.
875 1880 908 1943 p.
920 1861 1005 1937 347).
1055 1860 1133 1925 Erat
1165 1859 1264 1941 igitur

104 1955 174 2026 ‘dis
190 1950 363 2043 gratiosus’
382 1959 434 2037 (cl.
451 1959 562 2026 Lehrs.
578 1961 599 2025 l.
613 1961 646 2039 l.)
669 1960 819 2045 cyclops,
842 1982 881 2028 ao
896 1961 1031 2028 fortasse
1053 1981 1073 2026 a
1095 1961 1264 2027 nobilitate

108 2062 246 2146 originis
261 2061 436 2128 incohabat
449 2061 671 2128 laudationem
685 2062 794 2130 rhetor
808 2070 843 2129 ut
856 2063 1032 2130 Leontinus
1046 2063 1067 2127 l.
1077 2063 1098 2126 l.
1115 2065 1153 2137 §d
1166 2066 1262 2144 3sqq.

654 2301 673 2373 ξ
697 2302 725 2362 4.

353 2454 358 2460 ·
478 2433 535 2500 De
557 2453 662 2499 noua
684 2433 905 2500 comoedia.

199 2570 285 2635 Num
305 2588 411 2635 nouae
433 2567 620 2636 comoediae
643 2575 790 2636 auctores
819 2569 894 2636 huic
916 2575 1103 2654 argumento
1133 2588 1264 2653 operam

8 2673 9 2680 ’
111 2673 262 2738 nauarint
283 2658 584 2755 prorsus'duhium.
629 2670 827 2738 Studuerunt
854 2672 916 2738 rriri
945 2671 1032 2739 docti
1060 2673 1186 2739 alteri
1216 2692 1264 2737 ex

111 2773 382 2858 Apollodoris
412 2772 554 2838 fabulam
582 2773 726 2854 aliquam
747 2770 916 2839 Γαλάνεια
945 2775 1131 2859 inscriptam
1160 2772 1263 2838 uindi-

114 2895 188 2943 care
204 2873 356 2952 (Meinek.
369 2873 443 2940 hist.
456 2875 524 2940 orit.
540 2894 572 2959 p.
582 2876 667 2959 467),
683 2875 806 2959 primus
822 2877 966 2960 Toupius
976 2876 1062 2942 Add.
1074 2875 1117 2941 ad
1127 2873 1264 2940 Theocr.

6 3021 7 3054 y
111 2978 145 3044 H
166 2998 199 3061 p.
212 2978 292 3059 402,
315 2976 442 3042 titulum
465 2977 660 3059 corrigentes
682 2997 703 3042 a
725 2975 866 3042 Stohaeo
887 2976 955 3042 flor.
971 2977 1020 3040 III
1040 2999 1072 3061 p.
1086 2979 1158 3059 242,
1171 2979 1208 3039 11
1221 2976 1263 3039 M.

6 3083 7 3098 ¹
112 3080 266 3148 traditum
522 3068 781 3158 Ἀπολλοδώρου
805 3081 835 3139 Γ
834 3074 975 3152 ύλακτος

5 3183 7 3224 l
319 3189 391 3254 τοῖς
412 3175 474 3265 γὰρ
495 3180 701 3265 μεριμνῶοίν
721 3202 759 3244 νε
779 3178 835 3244 καλ
857 3175 1078 3258 λυπουμένοις

320 3270 439 3346 ἅπασα
461 3276 520 3357 νύξ
540 3277 626 3348 ἔοικε
648 3282 836 3366 φαίνεσθαι
857 3275 977 3366 μακρά.

5 3453 6 3466 1
115 3384 183 3450 Iam
205 3389 241 3448 ut
263 3391 430 3469 corruptus
452 3383 494 3450 sit
514 3384 642 3466 titulus,
671 3388 779 3449 tamon
802 3383 875 3468 ipsa
896 3381 997 3448 uerba
1019 3381 1060 3448 de
1082 3380 1144 3448 hoc
1171 3403 1265 3466 argu·

5 3549 7 3564 ‚
115 3491 224 3552 mento
247 3487 389 3570 cogitare
411 3485 544 3551 minime
567 3489 700 3569 cogunt3
730 3505 804 3551 nam
828 3484 916 3568 quod
942 3484 1078 3551 fortasse
1106 3484 1266 3571 quispiam

117 3589 158 3656 de
172 3587 375 3673 Polyphemo
391 3587 553 3654 desiderio
568 3587 753 3654 tabescente
769 3587 911 3671 colligat,
934 3585 1145 3654 aduersantur
1167 3586 1267 3653 uerba

117 3692 279 3779 pomponio
307 3697 339 3758 et
362 3689 564 3773 λυπεῖσθαι,
594 3708 677 3772 quac
705 3690 762 3755 uix
790 3689 831 3756 dc
859 3689 977 3756 amoris
1006 3688 1094 3755 dulci
1121 3686 1265 3753 amaritie

118 3799 323 3881 usurpantur,
352 3798 385 3859 et
411 3793 477 3858 alia
505 3794 656 3876 exempla
683 3812 704 3858 a
727 3792 907 3876 Byzantino
938 3790 1058 3857 lectore
1085 3788 1145 3855 sub
1173 3787 1265 3852 titulo

118 3897 196 3981 περὶ
212 3893 318 3981 λύπης
332 3884 386 3960 ὅτι
401 3893 476 3958 λίαν
490 3889 647 3979 μοχθηρὰ
669 3893 726 3959 καί
747 3889 918 3967 ἒπώύυνος
938 3903 1012 3967 τοῖς
1034 3885 1266 3976 φροντίζουσιν

119 4002 225 4066 allata.
271 3995 472 4079 Quamquam
495 3995 593 4078 igitur
615 3997 642 4062 si
664 3995 817 4061 traditum
838 3999 923 4061 esset
944 3992 1040 4059 facile
1063 3989 1265 4058 crederemus
