3028 4672
447 283 489 338 lle
506 281 673 352 Polyphemo
692 283 718 334 et
738 280 860 335 Galatea.
1171 279 1232 339 143

73 455 324 540 diligentissime
338 455 489 520 tractauit
503 451 799 520 in‘schediasmate
809 450 852 518 de
862 450 1070 536 Cyclopibus'
1085 452 1150 517 ind.
1160 453 1233 519 lect.

73 556 320 642 Gryphiswald.
339 557 452 622 aestiu.
472 558 552 620 1859
583 558 636 631 (=
658 574 709 638 op.
726 554 818 621 acad.
834 554 878 619 IV
899 574 931 638 p.
945 556 1006 618 325
1018 556 1111 636 sqq.).
1155 554 1235 622 Utut

72 659 138 725 hoc
161 664 211 725 est
230 663 317 724 certo
340 659 404 722 iam
426 658 552 742 pridem
575 662 691 740 poetae
713 656 748 721 in
770 655 984 740 depingendis
1010 653 1062 721 his
1083 657 1234 722 monstris

72 781 140 828 non
155 781 228 826 eam
241 759 457 826 differentiam
469 760 730 840 obseruauerunt‚
748 777 844 840 quam
860 755 1013 823 historica
1028 757 1109 822 ratio
1125 763 1233 840 postu-

73 865 193 945 lasset,
223 861 281 928 sed
302 861 469 943 utriusque
491 861 642 944 imaginis
666 861 863 926 lineamenta
885 865 918 924 et
940 860 1063 926 colores
1086 859 1178 942 quasi
1200 858 1235 924 in

72 985 140 1030 una
166 963 278 1030 tabula
301 963 585 1046 commiscuerunt,
606 963 706 1029 'cuius
733 962 781 1027 rei
809 961 1097 1048 luculentissimum
1126 979 1255 1051 enem-¹

74 1068 166 1150 plum
188 1064 317 1130 uidetur
339 1082 411 1129 esse
433 1084 515 1130 unus
537 1051 601 1129 ille'
617 1065 728 1131 oculus
751 1066 785 1129 in
806 1063 911 1129 fronte
930 1063 1116 1144 collocatus,
1139 1082 1235 1144 quem

75 1167 277 1252 Cyclopibus
297 1167 441 1232 innatum
468 1166 568 1232 fuisse
597 1171 733 1232 testatur
753 1164 916 1232 Hesiodus
944 1163 996 1230 his
1025 1163 1144 1248 (thecg.
1160 1165 1233 1240 143)

205 1268 327 1349 μοῦνος
350 1257 382 1330 ‹l‘
401 1259 585 1354 ὀφθαλμὸς
606 1269 721 1352 μέσσῳ
745 1263 886 1332 ἐνέκειτο
909 1262 1067 1350 μετώπῳ.

76 1371 181 1448 Quem
205 1389 277 1435 oum
300 1367 481 1453 mythologi
502 1370 645 1436 fulminis
675 1371 783 1454 ignem
813 1368 995 1452 significare
1024 1368 1235 1454 probabiliter

78 1478 238 1556 statuant,
268 1471 310 1536 ab
333 1471 497 1538 Hesiodea
520 1471 736 1555 descriptione
759 1471 931 1537 translatus
954 1469 1082 1536 uidetur
1104 1470 1147 1535 ad
1168 1469 1234 1536 Ho-

76 1575 241 1655 mericam,
264 1573 321 1637 ubi
335 1572 572 1655 Polyphemum
590 1593 654 1638 uno
670 1577 793 1637 tantum
815 1572 936 1637 lumine
958 1571 1140 1654 praeditum
1164 1590 1235 1637 esse

76 1677 188 1742 multis
204 1695 246 1742 ex
261 1676 341 1741 locis
358 1675 463 1739 elucet
484 1673 557 1747 (Od.
573 1675 631 1757 IX,
648 1676 709 1738 382
717 1695 764 1757 sq.
782 1676 853 1738 390.
871 1675 933 1738 394
950 1672 1022 1750 etc.)
1036 1675 1065 1750 ¹).
1099 1672 1235 1737 Multum

76 1785 186 1844 autem
202 1782 239 1842 ut
253 1775 381 1842 uidetur
403 1774 446 1840 ad
470 1776 710 1843 confundendas
732 1777 897 1858 utriusque
920 1780 1037 1858 poetae
1060 1773 1122 1839 hac
1144 1775 1178 1838 in
1199 1793 1235 1839 re

77 1879 295 1965 proprietates
323 1875 426 1941 ualuit
454 1879 630 1943 communis
659 1877 758 1944 sedes
781 1877 927 1943 duorum
946 1896 1117 1960 generum,
1152 1895 1235 1958 quae

75 1987 196 2066 postea
218 1979 384 2045 fabulosae
406 1977 482 2043 huic
504 1980 626 2045 nationi
649 1979 820 2064 adsignata
842 1986 899 2046 est.
936 1979 1021 2044 Nam
1037 1979 1077 2044 ab
1094 1979 1235 2045 Homero

73 2083 121 2149 ad
142 2089 263 2148 terram
285 2081 482 2173 incognitam
504 2081 701 2165 relegantur,
725 2081 902 2165 Hyperiam
926 2081 979 2146 uel
1002 2099 1105 2164 prope
1124 2079 1234 2163 Hype-

75 2186 161 2250 riam
184 2184 296 2265 sitam,
325 2187 361 2246 ut
381 2182 616 2264 longinquitate
638 2183 762 2248 itineris
785 2183 954 2248 denotetur
975 2200 1099 2245 morum
1122 2181 1235 2246 feritas
1357 2197 1360 2202 ’

75 2285 119 2353 ef.
138 2284 200 2352 Od.
214 2283 269 2366 VI,
283 2287 383 2366 tsqq.
406 2282 447 2348 de
470 2282 673 2350 Phaeacibus

210 2387 243 2452 οἳ
266 2385 346 2466 πρὶν
367 2387 428 2466 μέν
450 2377 531 2450 ποτ’
550 2381 662 2449 ἔναιον
685 2380 718 2447 ἒν
742 2375 906 2470 εὐρυχόρῳ
926 2377 1099 2470 Ὑπερείῃ,

210 2480 310 2572 ἀγχοῦ
333 2483 527 2551 Κυκλώπων
551 2477 681 2572 ἀνδρῶν
702 2479 995 2572 ὑπερηνορεόντων
1002 2537 1011 2566 ,

209 2587 245 2653 οἵ
266 2607 373 2673 σφεας
396 2590 598 2667 σινέσκοντο,
621 2591 721 2675 βίηφι
744 2585 780 2653 δὲ
803 2590 959 2675 φέρτεροι
979 2573 1081 2674 ἦσαν,

75 2693 275 2760 recentiores
291 2710 402 2756 omnes
417 2691 484 2756 fere
503 2691 626 2756 incolas
649 2711 705 2756 eos
727 2690 828 2758 fuisse
843 2691 976 2758 Siciliae
998 2675 1137 2774 tradunt,
1160 2691 1235 2758 Aet-

75 2813 233 2862 naearum
263 2793 430 2876 regionum
460 2792 499 2858 cf.
520 2792 620 2860 schol.
641 2793 702 2860 Od.
724 2794 867 2878 Ix,106.
912 2796 1037 2861 Aetnae
1065 2799 1173 2860 autem
1202 2795 1236 2858 in

75 2897 245 2981 igniuomo
269 2895 396 2960 camino
419 2913 492 2960 cum
514 2901 641 2963 ueteres
663 2896 830 2980 posuerint
847 2895 984 2962 Vulcani
1006 2896 1236 2961 ministrorum-

74 3017 140 3081 que
165 2995 343 3080 officinam,
372 2997 560 3064 conciliatas
589 3017 660 3064 esse
687 2997 827 3062 interae
851 2997 995 3062 diuersas
1025 2995 1236 3078 cogitationes

76 3100 178 3166 facile
200 3099 367 3164 intellectu
393 3098 444 3174 (cf.
466 3098 678 3164 Schccmann.
701 3098 721 3161 l.
735 3097 756 3161 l.
777 3119 810 3181 p.
824 3100 908 3172 332).
952 3098 1043 3163 Nulli
1064 3102 1172 3162 autem
1194 3115 1236 3162 ex

79 3199 285 3267 miraculosis
303 3201 479 3284 priscarum
501 3200 682 3265 fabularum
705 3197 856 3264 heroibus
878 3200 982 3281 magis
1004 3195 1038 3264 in
1059 3198 1238 3264 litterarum

80 3302 254 3369 materiam
277 3301 396 3384 abiere,
418 3300 499 3366 nulli
521 3305 688 3384 poetarum
710 3298 816 3366 studio
839 3301 885 3364 sic
908 3305 981 3366 sunt
1002 3301 1133 3386 arrepti,
1156 3301 1238 3368 nulli

78 3412 148 3470 tam
166 3402 327 3469 communi
343 3403 482 3467 omnium
505 3402 614 3485 poesis
637 3406 777 3466 aetatum
800 3401 976 3466 certamine
998 3403 1118 3468 exculti
1140 3422 1237 3486 quam

79 3505 255 3590 Cyclopes,
278 3501 367 3568 cuius
382 3504 429 3570 rei
445 3523 543 3570 causa
561 3501 636 3568 inde
657 3503 844 3587 repetenda,
867 3502 955 3587 quod
978 3502 1011 3570 hi
1034 3507 1238 3589 potissimum

79 3607 300 3688 largissimam
318 3605 446 3670 iocandi
461 3607 587 3690 copiam
603 3603 791 3688 offerebant,
814 3612 911 3688 atque
926 3605 1101 3692 descriptio
1119 3608 1236 3674 Home-

79 3710 153 3774 rica
172 3706 405 3791 posterioribus
426 3709 534 3790 poesis
556 3707 737 3791 generibus,
760 3710 902 3774 maxime
917 3709 1115 3793 comoediae,
1137 3709 1236 3793 pluri·

80 3829 155 3874 mas
177 3828 273 3876 ansas
292 3800 399 3891 dabat,
423 3828 506 3891 quae
521 3829 629 3876 eorum
651 3809 753 3876 indoli
774 3811 871 3894 plane
893 3810 1134 3895 responderent.
1172 3810 1236 3877 Ne-

173 3943 199 4022 1')
216 3955 314 4011 Utres
331 3959 412 4026 plane
429 3963 495 4013 nota
506 3957 607 4013 diserta
618 3973 674 4014 non
685 3957 869 4028 significatum
888 3974 973 4028 quare
985 3959 1019 4014 de
1034 3959 1131 4014 ceteris
1141 3958 1237 4028 Cyclo·

81 4042 168 4110 pibus
185 4040 256 4094 idem
274 4041 400 4108 colligere
416 4040 511 4097 licebit
528 4058 589 4097 cum
606 4043 801 4113 interpretibus
819 4042 855 4099 ef.
872 4043 959 4099 schol.
976 4060 1003 4098 u.
1017 4046 1074 4098 106,
