2998 4674
428 225 470 280 De
486 225 652 296 Polyphemo
669 230 696 280 et
714 227 834 284 Galatea.
1143 225 1203 288 227

69 399 138 464 artis
159 397 272 463 formis
295 397 461 463 commode
484 396 653 483 adaptetur
676 404 708 463 et
728 404 896 483 acceptum
925 417 995 464 sese
1025 398 1208 481 praebuerit

69 507 96 564 et
118 500 209 583 epioo
240 504 351 564 tenore
379 506 542 566 narratum
571 505 603 565 et
631 500 778 566 scaenico
805 505 963 586 apparatu
992 506 1113 583 actum,
1143 521 1208 566 non

68 605 163 670 minus
179 623 252 669 cum
267 607 445 686 satyrorum
460 604 596 671 lasciuia
614 622 772 669 conexum
794 622 889 685 quam
912 603 1104 669 comicorum
1127 603 1207 669 iocis

67 707 194 787 irrisum,
218 725 284 770 non
299 706 402 771 solum
424 725 495 772 cum
516 712 609 789 gestu
630 705 805 771 dramatico
828 705 1005 789 recitatum,
1028 705 1087 772 sed
1110 705 1206 770 etiam

67 806 296 892 dithyrambieo
318 813 441 874 tumore
463 813 634 874 cantatum.
679 808 770 874 Tunc
793 805 964 874 efflorescit
991 807 1206 873 humillimum

67 928 157 990 genus
171 910 318 976 musicae
332 911 411 976 artis
425 911 595 975 mimorum
610 910 651 976 ab
667 910 798 991 antiquo
819 915 963 993 tempore
985 909 1206 995 repetendum,

66 1009 118 1074 sed
131 1011 280 1076 Romana
293 1011 422 1078 demum
436 1016 543 1078 aetate
558 1010 602 1076 ad
616 1011 780 1094 fastigium
801 1011 1007 1094 perfectionis
1030 1018 1062 1076 et
1082 1012 1206 1096 gratiae

66 1119 221 1197 enectum,
255 1113 345 1180 cuius
367 1113 411 1180 ad
438 1114 662 1180 scurrilitatem
691 1120 724 1180 et
751 1115 979 1198 procacitatem
1006 1114 1208 1198 quadrabant

66 1214 252 1299 Polyphemi
281 1237 387 1283 mores
416 1221 448 1281 et
473 1236 582 1299 casus3
611 1236 715 1299 neque
743 1216 938 1283 abhorrebat
959 1239 980 1282 a
1000 1217 1130 1284 fabulae
1152 1238 1206 1283 na-

66 1321 142 1400 tura,
158 1323 205 1383 -ut
227 1318 378 1384 saltando
401 1318 634 1402 spectatoribus
656 1325 896 1402 proponeretur.
941 1319 1012 1386 Hoc
1034 1320 1067 1384 in
1089 1339 1207 1403 genere

66 1417 208 1503 Cyclopis
224 1440 396 1504 personam
411 1421 583 1504 perfectius
599 1421 759 1486 excultam
780 1438 851 1486 esse
872 1440 966 1487 nemo
989 1422 1206 1505 exspectabit:

66 1527 95 1584 ut
113 1521 207 1588 rudes
229 1541 336 1588 mores
360 1528 524 1604 taeterque
546 1527 694 1604 aspectus
722 1523 756 1587 in
782 1523 887 1588 maius
913 1528 1106 1604 augerentur
1133 1523 1207 1605 ipsa

67 1642 109 1688 res
130 1623 299 1690 suadebat.

140 1725 262 1792 Contra
276 1725 488 1792 Alexandrini
504 1727 558 1809 qui
574 1725 721 1792 dicuntur
735 1732 852 1810 poetae
875 1725 984 1792 subtili
1007 1725 1204 1811 expolitione

67 1825 137 1904 hano
151 1828 290 1912 figuram
306 1830 506 1895 exornabant
527 1829 679 1894 duritiem
702 1828 893 1913 mollientes,
916 1848 1030 1896 saeuas
1053 1828 1205 1896 libidines

66 1930 249 2016 mitigantes,
267 1931 503 1996 deformitatem
518 1932 707 2014 minuentes
724 1935 758 1995 ut
773 1933 929 1997 caelatam
943 1932 1081 2014 pastoris
1096 1953 1205 1998 aman·

66 2032 99 2096 tie
119 2034 294 2116 imaginem
310 2023 535 2116 exprimerent.
568 2034 639 2099 Hac
660 2035 695 2098 in
715 2035 807 2115 poesi
829 2052 1016 2118 progressus
1038 2033 1073 2098 fit
1095 2035 1128 2099 in
1150 2054 1205 2100 ex·
1296 2053 1300 2060 ’

31 2165 32 2168 ¹
66 2135 191 2201 colenda
212 2134 409 2220 Polyphemi
430 2134 532 2218 figura
555 2141 588 2201 et
610 2136 856 2218 consummatio,
884 2153 989 2216 neque
1011 2134 1095 2199 ultra
1123 2134 1206 2201 hauc

65 2242 194 2304 aetatem
209 2239 330 2304 scimus
344 2236 504 2320 prodiisse
520 2237 575 2320 qui
589 2257 654 2302 uon
674 2236 809 2302 traditos
830 2237 884 2302 uel
906 2240 1096 2302 monstratos
1119 2236 1205 2303 eolo-

66 2355 110 2403 res
129 2341 317 2423 imitaretur,
340 2338 399 2405 sed
421 2341 490 2423 ipse
512 2338 614 2404 libere
637 2358 695 2404 suo
719 2357 761 2404 ex
782 2339 911 2420 ingenio
929 2336 1070 2422 effigiem
1093 2344 1204 2404 extun-

66 2437 155 2507 deret
192 2443 375 2508 Excoluere
397 2446 505 2506 autem
526 2440 670 2524 lepidam
691 2440 844 2507 fabellam
866 2441 948 2506 inter
966 2441 1205 2508 Alexandrinos

66 2538 307 2627 Hermesianax,
330 2542 563 2627 Callimachus,
586 2542 793 2626 Theocritus,
815 2541 892 2626 Bio,
915 2563 1050 2626 quorum
1072 2544 1203 2627 quidem

67 2644 193 2712 sciamus
207 2647 340 2712 uomina
357 2645 491 2712 duorum
514 2665 533 2711 e
555 2645 749 2711 carminibus
771 2645 838 2710 fere
861 2646 932 2712 sola
953 2648 1146 2730 superantia.
1162 2679 1205 2690 -

69 2740 195 2814 Difficile
211 2755 262 2816 est
276 2747 389 2812 horum
405 2755 572 2834 poetarum
594 2753 740 2833 tempora
760 2747 807 2813 ita
829 2747 1036 2832 distinguere,
1059 2754 1203 2831 atquem

69 2848 191 2932 quisque
207 2850 422 2936 praecesserit
437 2870 597 2933 quemque
620 2856 747 2916 secutus
769 2851 812 2915 sit
832 2855 980 2917 accurate
1003 2849 1127 2914 dinosci
1149 2853 1205 2913 aut

69 2950 171 3026 quibus
190 2955 328 3037 quisque
350 2971 425 3018 usus
448 2952 563 3018 situel
586 2953 632 3018 uti
655 2953 794 3037 potuerit
815 2952 997 3018 auctoribus
1020 2955 1106 3016 certo
1129 2951 1205 3016 sciri

68 3054 166 3128 possit.
201 3056 314 3121 Facile
337 3054 528 3120 concedetur
549 3059 625 3120 natu
648 3055 825 3118 maximum
847 3054 946 3120 fuisse
960 3052 1203 3118 Hermesianac-

69 3153 137 3237 iem,
170 3178 267 3240 quem
295 3156 529 3223 nobilissimum
558 3175 686 3222 carmen
714 3156 883 3222 Leontium
912 3155 1099 3238 inscriptum
1128 3159 1202 3218 ante

69 3270 92 3314 a.
106 3258 164 3320 287
193 3259 335 3326 edidisse
357 3257 536 3324 Pausaniae
564 3260 670 3324 locum
691 3258 721 3340 I,
737 3259 803 3339 9,8
832 3259 949 3324 rectius
978 3257 1203 3340 interpretatus

70 3350 155 3424 docta
181 3361 388 3426 adnotatione
414 3360 636 3445 comprobarit
657 3360 804 3426 Erwinus
826 3359 941 3425 Rohde
963 3357 1004 3424 de
1025 3358 1090 3424 fab.
1110 3359 1201 3425 Rom.

69 3471 94 3533 p.
108 3461 154 3524 75.
192 3462 276 3528 Ante
299 3461 386 3544 quod
407 3468 533 3546 tempus
555 3463 612 3527 uix
634 3460 852 3527 Callimachus
874 3460 1104 3528 Theocritusue
1126 3480 1202 3545 poe·

69 3564 146 3624 nata
168 3583 225 3630 sua
247 3563 461 3649 diuulgarant,
485 3566 512 3630 si
535 3564 666 3647 quidem
688 3564 841 3647 aequales
863 3565 952 3630 fuere
974 3563 1083 3648 Arati,
1107 3583 1203 3646 quem

69 3661 241 3730 ea.01.118
263 3672 372 3732 natum
388 3686 459 3733 esse
480 3667 620 3734 ostendit
632 3667 685 3732 Fr.
697 3666 893 3734 Ritschelius
915 3667 958 3734 de
979 3665 1200 3733 bibliothecar.

69 3756 232 3834 Alexandr.
256 3768 464 3852 chronologia
489 3770 574 3855 opl
601 3791 633 3854 p.
647 3774 771 3852 71sq.¹)
814 3771 1000 3837 Praesulem
1027 3771 1123 3852 igitur
1151 3755 1210 3834 suss

70 3859 258 3879 κ

149 3918 261 3984 illlata
277 3919 407 3973 minorem
425 3919 507 3971 fuisse
526 3919 719 3974 Callimachum
742 3936 909 3988 consequens
931 3923 1025 3974 estex
1041 3917 1122 3970 Arati
1143 3916 1202 3969 uita

72 3995 91 4056 ¹,
101 4001 129 4050 74
138 4015 193 4072 sqq.
203 4005 346 4059 Westerm.
375 4003 411 4057 ct.
430 4002 546 4056 Keilium
564 4005 593 4058 in
610 4005 714 4059 Ritsch.
728 4005 797 4072 op.I
813 4021 840 4072 p.
852 4009 910 4058 234.

947 4089 998 4141 15*
