3028 4672
277 249 339 309 206
641 245 772 316 Georgius
790 245 924 300 Ricardus
942 244 1061 300 Holland

279 429 312 488 et
332 421 506 488 Philoxeni
529 439 600 487 esse
623 420 729 487 euinci
750 418 889 486 affirmat
910 420 1075 487 Theocriti
1098 439 1193 488 uersu
1215 422 1287 507 VH,
1302 425 1371 504 152:

406 518 464 587 τὸν
486 517 644 607 κρατερὸν
668 518 892 607 Πολύφαμον,
916 517 954 596 ὃς
975 513 1078 605 diceus
1101 523 1184 597 νᾶας
1205 518 1325 604 ἔβαλλε

279 625 342 692 hac
363 626 436 709 ipsa
457 625 635 691 imitatione
657 644 679 689 a
699 623 854 689 Meinehii
875 621 996 689 iudicio
1019 621 1234 690 defendendo.

365 741 431 810 Sed
446 743 584 808 fatemur
603 743 752 826 ignorare
767 761 835 824 nos,
858 762 915 807 cur
929 742 1059 809 omnino
1074 740 1232 826 adespota
1252 743 1427 826 fragmenta

254 844 361 947 (haec
389 843 603 911 iudicauerint
630 845 693 910 uiri
720 844 822 926 docti,
853 842 940 927 quod
969 844 996 908 si
1024 861 1137 908 uerum
1159 850 1260 927 esset,
1289 846 1426 911 maxime

187 967 215 1058 s
253 976 254 995 κ
279 949 467 1013 miraremur
495 944 546 1010 his
575 945 775 1027 potissimum
804 965 868 1012 non
901 944 1067 1012 addidisse
1099 943 1262 1010 rhetorem
1293 948 1427 1012 auctoris

131 1007 226 1072 ΗΝ
279 1067 412 1130 nomen,
446 1066 519 1112 cum
547 1046 718 1128 unicuique
753 1047 929 1112 sententiae
955 1047 990 1111 in
1016 1046 1285 1130 praecedentibus
1318 1055 1349 1114 et
1379 1069 1427 1114 se·

280 1148 451 1233 quentibus
464 1152 628 1214 auctorem
644 1166 843 1231 praeponere
866 1147 978 1213 soleat.
1015 1148 1123 1230 Atque
1145 1147 1303 1216 habemus
1324 1155 1428 1215 aucto·
1496 1215 1497 1220 ,

279 1269 347 1316 rem
369 1249 543 1314 Dorionem
569 1248 746 1332 rhetorem,
775 1250 865 1314 cuius
888 1248 1019 1331 quidem
1046 1250 1146 1315 uerba
1173 1249 1207 1314 in
1235 1249 1429 1336 metaphrasi

282 1351 450 1434 Odysseae
473 1349 560 1415 dicta
582 1351 642 1416 etsi
665 1350 870 1417 concedimus
892 1356 1024 1434 propter
1043 1341 1151 1416 ‘haec'
1177 1370 1352 1433 pronomen
1375 1371 1428 1417 ex·
1496 1351 1497 1358 ’

281 1452 398 1520 cidisse
413 1452 569 1517 Muellero
589 1458 622 1518 et
636 1452 826 1536 Ribbeohio,
849 1458 957 1518 tamen
979 1451 1091 1535 quidni
1113 1453 1256 1536 singulas
1279 1454 1428 1520 elocutio
1496 1463 1499 1506 ,¹

280 1575 338 1621 nes
360 1560 483 1620 tumore
505 1561 634 1637 praeter
651 1560 775 1621 ceteras
796 1555 938 1636 insignes
960 1555 1114 1637 repetitas
1137 1572 1208 1621 esse
1230 1554 1428 1622 statuamus?
1496 1581 1497 1588 ¹

281 1678 324 1724 sc.
353 1665 389 1723 ut
417 1676 491 1721 cum
511 1655 647 1740 Vergilii
676 1677 822 1723 sermone
851 1662 1119 1740 compararentur.
1163 1655 1297 1722 Poterat
1324 1663 1429 1723 autem
1497 1719 1499 1736 ,

281 1759 448 1842 aptissime
464 1758 496 1821 in
511 1755 709 1840 metaphrasi
723 1777 775 1824 res
790 1757 921 1823 inflante
938 1762 970 1823 et
988 1777 1085 1842 supra
1106 1757 1237 1823 modum
1258 1759 1430 1824 extollente

281 1861 328 1925 sio
351 1858 568 1923 circumscribi
590 1878 701 1924 uersus
725 1859 916 1924 Homericus
939 1857 1011 1936 (Od.
1028 1859 1086 1942 IX,
1099 1860 1190 1938 lan:

411 1951 604 2042 ἂπορῤήξας
625 1955 772 2045 κορυφὴν
795 1951 891 2042 ὄρεος
913 1956 1083 2043 μεγάλοιο.

282 2062 410 2146 Optime
432 2081 509 2127 uero
533 2061 703 2127 concinunt
724 2059 848 2126 tumida
870 2061 927 2126 illa
949 2068 1046 2144 atque
1074 2059 1185 2126 inflata
1206 2063 1307 2128 uerba
1336 2064 1430 2129 etiam

281 2165 443 2248 praesenti
458 2169 601 2246 tempore
624 2162 830 2229 uiuacitatem
852 2163 1014 2245 quandam
1037 2161 1209 2228 efficientia
1231 2184 1304 2230 cum
1319 2164 1430 2230 Dorio-

281 2267 331 2331 nis
354 2283 472 2348 genere
495 2264 640 2349 dicendi,
669 2264 755 2347 quod
783 2264 913 2347 quidem
936 2285 978 2331 ex
1000 2264 1144 2331 Senecae
1167 2265 1294 2350 scriptis
1317 2286 1430 2349 cogno·
1494 2265 1496 2360 ',

281 2387 407 2433 scamus
430 2367 469 2432 oi.
490 2372 630 2433 controu.
647 2367 689 2450 X,
706 2372 736 2450 5,
753 2369 808 2431 23:
831 2367 998 2449 furiose,
1022 2374 1120 2433 contr.
1137 2369 1276 2451 1,8,16:
1297 2361 1430 2434 ‘Dorion
1494 2368 1495 2400 ³

282 2468 361 2533 dicit
381 2487 449 2533 rem
471 2470 569 2552 paulo
592 2469 722 2550 quidem
746 2470 973 2551 elatiorem,
1004 2488 1100 2551 quarn
1128 2490 1240 2555 pressa
1268 2477 1301 2536 et
1329 2470 1430 2536 ciuilis
1494 2499 1495 2558 3

282 2569 384 2634 oratio
399 2570 514 2653 recipit
526 2560 606 2652 eto.';
626 2589 710 2635 suas.
719 2570 760 2654 II,
771 2573 823 2634 11:
836 2563 1108 2636 ‘disertissima
1122 2563 1305 2637 sententia'.
1330 2569 1430 2650 Quam

282 2673 323 2738 ob
340 2690 470 2736 causam
486 2671 632 2752 quamuis
651 2670 797 2737 dolentes
819 2689 883 2735 non
905 2671 1047 2738 tollimus
1068 2671 1152 2738 hanc
1166 2673 1341 2739 Philoxeni
1361 2691 1429 2756 pro·
1495 2699 1496 2758 3

282 2775 356 2857 lem,
378 2773 568 2858 praesertim
588 2791 660 2838 cum
681 2791 722 2837 ne
745 2773 816 2854 ipse
838 2771 969 2854 quidem
991 2774 1164 2857 sospitator
1184 2774 1281 2840 facile
1304 2773 1429 2854 dixerit,
1495 2813 1496 2835 t

283 2875 442 2960 quomodo
466 2873 546 2941 haec
569 2894 641 2941 cum
663 2873 786 2939 ratione
807 2873 960 2940 dramatis
984 2876 1141 2941 conciliet.
1178 2876 1216 2940 ln
1231 2874 1378 2941 dramate
1393 2904 1430 2918 -

282 2985 314 3045 et
330 2979 443 3044 drama
457 2977 556 3044 luisse
572 2975 657 3044 hunc
671 2975 909 3060 dithyrambum
926 2996 968 3041 ex
982 2976 1146 3061 Aristoph.
1158 2975 1258 3043 schol.
1279 2976 1332 3054 (cf.
1349 2970 1430 3039 ὑπο-

282 3077 395 3165 κριτής
416 3100 447 3163 p.
464 3080 526 3143 342
534 3100 563 3164 a,
578 3084 617 3143 14
629 3078 682 3155 D.)
706 3079 792 3144 clare
808 3079 922 3160 elucet,
943 3076 1056 3143 drama
1070 3083 1178 3143 autem
1192 3078 1344 3143 melicum
1357 3079 1378 3154 ¹)
1392 3109 1430 3120 -
1496 3081 1499 3142 l

282 3180 348 3247 dici
370 3181 452 3248 haec
473 3186 621 3266 poterant
644 3181 721 3248 solis
743 3202 763 3246 a
785 3181 956 3247 comitibus
978 3180 1085 3248 Ulixis
1112 3181 1258 3262 ingentes
1281 3177 1431 3262 Oyolopis'

282 3282 493 3349 iaculationes
521 3281 757 3366 spectantibus,
786 3303 869 3366 quae
895 3302 973 3349 sane
1000 3282 1143 3347 maxima
1171 3287 1257 3347 esset
1284 3281 1430 3347 scaenica

284 3381 456 3448 difficultas
478 3384 525 3448 sio
547 3384 668 3449 euitata
689 3386 731 3450 ab
750 3383 914 3468 Euripide,
937 3391 972 3449 ut
994 3384 1193 3448 minitaretur
1214 3381 1429 3449 tantummodo

284 3483 424 3566 Cyclops
439 3502 490 3547 uu.
505 3485 566 3547 704
575 3504 645 3567 sqq.
661 3521 702 3530 -
724 3486 838 3568 Neque
855 3505 927 3552 cum
941 3486 1045 3552 fructu
1065 3484 1330 3569 perlustrauimus
1351 3501 1428 3568 quae

284 3584 444 3667 Bergkius
460 3585 622 3666 congessit
635 3584 809 3667 lyricorum
824 3587 981 3670 adespota
1002 3587 1190 3670 fragmenta,
1213 3605 1312 3651 unum
1327 3585 1428 3668 dithy-

284 3684 417 3753 rambici
448 3683 563 3751 coloris
591 3686 628 3748 ir.
644 3686 703 3748 128
725 3684 868 3751 Demetr.
896 3689 975 3772 περὶ
1003 3685 1115 3773 ἑρμην.
1139 3689 1176 3750 91
1203 3685 1294 3765 (rhet.
1312 3686 1367 3753 Gr.
1386 3657 1431 3750 lli
1496 3745 1497 3770 ,

372 3905 396 3967 1)
416 3902 570 3957 Consensus
589 3905 630 3955 est
647 3901 700 3954 hac
717 3901 750 3956 de
767 3917 810 3969 τος
838 3901 1005 3971 Bergleinius
1022 3919 1049 3971 p.
1060 3907 1092 3957 56
1116 3903 1277 3958 dissentiens
1302 3905 1368 3958 satis
1391 3915 1427 3954 re·

283 3985 389 4043 tutatus
408 3995 449 4042 est
466 4002 483 4041 a
501 3985 680 4056 illingendero
698 4004 725 4056 p.
736 3991 776 4041 lt.
1392 3990 1396 4000 ·
