3028 4672
464 261 506 317 De
522 261 686 332 Polyphemo
705 267 732 318 et
750 262 871 320 Galatea.
1181 268 1239 327 177

93 436 211 503 melius
234 453 344 520 genus,
367 434 526 520 Cyclopes
545 435 707 504 Timothei
731 441 763 502 et
783 434 954 504 Philoxeni
977 436 1117 506 deterius
1138 459 1240 524 genus

92 542 381 622 repraesentarent.
418 537 529 622 Nuper
544 544 652 604 tamen
669 539 755 606 idem
778 538 828 604 uir
849 538 1073 606 subtilissimus
1095 547 1130 606 ut
1150 543 1241 610 uide·

91 647 145 706 tur
171 640 407 723 simplicissime
434 640 584 705 mendum
612 641 739 706 sustulit
767 641 799 705 in
829 640 938 706 Herm.
960 641 1022 706 uol.
1041 641 1106 706 XII
1133 663 1165 726 p.
1180 647 1240 708 192

91 742 237 809 scribens
251 738 324 825 γάρ,
348 743 549 826 expositione
563 748 672 808 tamen
687 741 887 808 coniecturae
903 742 1124 827 supersedens,
1144 763 1241 826 quam

90 863 151 910 nos
167 845 214 910 sic
228 844 413 928 accipimus,
436 849 471 909 ut
486 845 582 910 talem
599 833 822 936 ἂναμαιότητα
842 844 926 910 inter
941 844 1116 928 cyclopem
1131 845 1241 912 Timo·

91 944 160 1010 thei
176 951 209 1010 et
223 944 394 1011 Philoxeni
416 945 614 1011 intercedere
634 951 793 1029 putemus,
816 946 944 1028 qualem
966 952 1022 1012 aut
1043 947 1124 1012 inter
1144 967 1240 1030 pares

91 1053 125 1112 et
140 1046 316 1112 deteriores
336 1052 391 1111 aut
412 1047 496 1112 inter
517 1046 719 1113 sublimiores
742 1052 774 1112 et
795 1046 971 1115 deteriores
993 1052 1048 1113 aut
1069 1049 1153 1115 inter
1166 1050 1240 1116 sub·

90 1149 235 1215 limiores
259 1155 290 1214 et
310 1167 415 1232 pares.
447 1149 498 1213 An
521 1149 567 1215 sie
585 1148 819 1233 accipiendum,
841 1155 876 1215 ut
898 1169 956 1233 per
978 1169 1013 1215 se
1035 1149 1241 1234 intellegatur

90 1269 154 1315 nee
174 1270 232 1333 per
248 1269 283 1316 se
299 1251 610 1317 commemorandum
632 1250 673 1316 sit
694 1250 728 1314 in
750 1249 964 1333 dithyrambis
987 1256 1019 1317 et
1039 1251 1143 1317 nomis
1166 1253 1240 1319 sub-

89 1353 168 1417 lime
191 1357 222 1418 et
243 1371 302 1435 par
323 1370 423 1435 genus
451 1370 546 1434 posse
568 1351 739 1434 delineari,
769 1353 876 1435 itaque
904 1352 1012 1418 uerbis
1040 1342 1155 1437 ὥσπερ
1177 1349 1240 1439 γὰρ

91 1449 282 1528 Κύκλωπας
310 1460 368 1519 etc.
399 1452 528 1518 humilis
557 1457 679 1518 tantum
708 1453 820 1519 classis
848 1452 1016 1519 inducatur
1045 1456 1239 1539 exemplum,

91 1574 157 1637 quo
179 1555 278 1620 etiam
299 1553 383 1621 hanc
404 1555 474 1621 istis
496 1553 604 1638 poesis
626 1553 797 1637 generibus
821 1554 959 1638 exprimi
986 1573 1082 1637 posse
1111 1555 1240 1622 demon·

90 1655 232 1722 stretur?
275 1657 354 1723 Utut
376 1655 437 1722 hoc
463 1655 622 1721 intellexit
649 1656 874 1739 aenigmatista
901 1676 964 1721 non
991 1656 1150 1739 persuasit
1176 1653 1239 1741 γάρ

89 1763 276 1842 corruptnm
291 1777 362 1824 esse
377 1758 410 1823 in
425 1758 494 1842 γᾶς.
532 1757 673 1823 Felicius
694 1757 787 1825 nobis
809 1758 937 1824 uidetur
958 1758 1063 1824 locum
1085 1763 1240 1824 tractasse

85 1859 305 1932 ‚Susemihlius
326 1859 407 1925 Mus.
423 1858 524 1924 Rhen.
540 1858 667 1923 XXXV
688 1879 719 1942 p.
733 1861 794 1922 486
805 1878 891 1942 sqq.,
921 1860 975 1942 qui
997 1858 1118 1944 primus
1147 1860 1239 1925 intel·

88 1963 172 2028 lexit
194 1962 256 2027 hoc
271 1962 421 2046 exemplo
436 1981 500 2026 non
519 1960 553 2026 id
571 1961 634 2044 agi,
657 1967 692 2025 ut
715 1961 937 2046 comprobetur
960 1961 1104 2027 diuersos
1126 1967 1239 2044 poetas

87 2065 121 2129 in
145 2063 284 2130 diuersis
306 2063 413 2146 poesis
435 2063 605 2146 generibus
629 2062 758 2129 diuersa
786 2068 973 2147 argumenta
1001 2061 1129 2128 diuerse
1157 2069 1239 2129 trac-

89 2173 159 2231 tare
188 2165 395 2232 extollentem
421 2163 521 2247 hunc,
550 2165 640 2230 illum
669 2165 912 2249 detrectantem,
946 2163 1074 2228 tertium
1101 2161 1240 2230 fideliter

88 2268 315 2350 delineantem,
339 2265 445 2332 sedin
462 2265 577 2332 eodem
595 2285 713 2350 genere
735 2265 880 2330 diuersos
902 2269 1014 2348 poetas
1036 2262 1123 2328 idem
1144 2285 1239 2348 argu-

87 2375 232 2436 mentum
255 2368 383 2434 diuerse
405 2373 550 2435 tractare.
596 2367 759 2434 Conclusit
780 2367 878 2449 igitur
906 2371 939 2431 et
966 2365 1112 2432 diuersos
1138 2366 1238 2434 fuisse

88 2470 251 2554 Cyclopes
273 2468 436 2535 Timothei
464 2475 496 2535 et
518 2468 690 2534 Philoxeni
716 2473 813 2550 atque
841 2466 935 2533 huius
959 2465 1090 2550 quidem
1115 2468 1239 2536 detrac-

87 2579 167 2656 tum,
190 2573 283 2637 illum
298 2573 425 2653 elatum,
447 2571 612 2654 utriusque
633 2590 710 2637 nero
733 2588 805 2636 esse
828 2569 1012 2653 exemplum
1031 2567 1237 2655 dithyrambi,

87 2675 123 2739 id
139 2673 226 2757 quod
241 2673 417 2757 requireret
431 2674 534 2740 simile
551 2674 734 2756 exemplum
749 2672 844 2756 nomi,
867 2670 954 2754 quod
968 2671 1063 2736 nimis
1082 2671 1238 2756 impedite

87 2777 135 2843 sic
156 2775 333 2859 suppleuit:
357 2765 472 2858 ὥσπερ
487 2770 621 2859 Πέρσας
636 2772 806 2856 Τιμόθεος
827 2774 883 2838 καὶ
897 2764 1030 2857 Ἀργᾶς·
1048 2770 1239 2848 Κύκλωπας

91 2873 264 2959 Τιμόθεος
292 2877 348 2941 καὶ
372 2873 561 2952 Φιλόξενος.
605 2877 676 2943 Hoc
698 2883 785 2943 recte
813 2876 935 2942 monuit
963 2875 1013 2940 uir
1036 2874 1237 2952 doctissimus

87 2977 351 3063 distinguendum
381 2998 452 3045 esse
481 2979 579 3044 etiam
606 2979 639 3043 in
662 2978 856 3063 cyclopibus
884 2976 1035 3057 sublime,
1065 2974 1236 3058 mediocre,

87 3079 208 3146 humile
225 3099 325 3163 genus
337 3080 504 3163 tractandi,
519 3081 596 3146 licet
608 3079 787 3163 refragetur
799 3076 968 3143 Eduardus
980 3075 1084 3141 Hiller
1099 3077 1133 3140 in
1144 3076 1235 3142 Burs.

87 3181 465 3266 annal.1881Ip.134;
488 3202 563 3247 narn
584 3201 679 3267 posse
701 3183 735 3246 in
757 3180 893 3246 diuersis
915 3179 968 3244 uel
991 3177 1024 3240 in
1046 3175 1160 3242 eodem
1182 3195 1238 3261 ge·
1355 3211 1358 3218 v

87 3303 163 3351 nere
187 3283 332 3350 diuersos
354 3289 487 3367 agentes
502 3284 630 3349 diuerse
649 3281 735 3366 fingi,
759 3300 809 3348 cx.
826 3301 872 3363 gr.
895 3281 929 3344 in
950 3278 1053 3346 nomis
1077 3284 1109 3344 et
1131 3278 1238 3364 dithy-

85 3387 207 3453 rambis
230 3385 308 3451 deos
330 3386 489 3468 meliores,
513 3384 686 3450 deteriores
702 3382 860 3468 Cyclopes
883 3380 961 3464 quid
983 3379 1151 3448 adnotaret
1165 3383 1237 3448 Ari-

86 3490 235 3570 stoteles,
263 3507 336 3553 eum
363 3506 421 3572 per
449 3506 485 3554 se
513 3487 645 3552 deorum
672 3486 841 3568 maiestas,
872 3483 1036 3548 humilitas
1058 3481 1237 3568 Cyclopum

85 3589 220 3674 propria
234 3589 343 3656 esset?
375 3589 504 3656 Debent
517 3588 661 3672 profesto
675 3588 709 3653 in
724 3586 839 3653 eodem
853 3605 971 3669 genere
994 3590 1026 3649 et
1048 3585 1082 3650 in
1099 3585 1236 3652 diuersis

84 3694 170 3758 tales
192 3691 312 3758 diuersi
335 3690 490 3757 exhiberi.

174 3792 241 3860 Sed
262 3792 395 3857 nimium
422 3792 514 3858 nobis
542 3791 669 3858 uidetur
691 3788 903 3856 Susemihlius
932 3789 1084 3854 orationis
1113 3786 1235 3852 hiatum

7 3951 8 3956 ,
85 3895 248 3962 statuisse.
292 3893 446 3959 Prudenti
469 3895 552 3959 enim
576 3893 709 3961 consilio
731 3892 877 3958 Erwinus
899 3889 1013 3956 Rohde
1035 3888 1115 3954 Mus.
1131 3886 1233 3953 Rhen.

84 3995 231 4064 XXXIV
245 4016 277 4080 p.
291 3998 352 4059 572
373 3994 481 4061 adnot.
494 3996 513 4056 2
536 4013 578 4060 ex
592 3993 748 4079 Stephani
763 3993 911 4076 Byzantii
925 3997 958 4058 et
973 3988 1093 4056 Snidae
1109 3989 1143 4054 in
1158 4007 1234 4055 cnu-

137 4101 258 4156 nupege
269 4103 371 4146 sturton.
391 4101 439 4146 vn.
997 4091 1028 4142 12
