3028 4672
420 272 463 328 De
480 272 644 342 Polyphemo
661 277 689 328 et
707 272 828 328 Galatea.
1138 275 1198 334 189

62 449 119 513 cari
140 447 268 532 poterit,
291 465 387 529 quam
406 445 447 510 de
461 443 621 511 Athenaei
643 445 677 510 in
698 445 837 512 fontibus
859 446 1051 530 usurpandis
1073 450 1197 518 ratione

63 550 190 616 certiora
211 547 463 631 oognouerimus.
538 576 541 584 ¹

136 652 213 736 Ipsa
233 656 342 716 autem
370 650 490 716 fabella
518 648 605 715 haud
633 650 730 716 dubie
759 671 780 715 a
807 650 1018 734 peripatetico
1046 648 1122 715 ficta
1150 657 1200 717 est

63 755 202 839 suspecta
228 753 287 818 illa
309 751 439 835 quidem
461 751 558 818 etiam
581 771 636 834 eo,
667 751 755 835 quod
781 753 929 835 gulosum
959 750 1121 817 hominem
1143 752 1198 818 de·

62 856 154 940 pingit
169 853 384 920 Philoxenum
405 852 455 928 (cf.
479 849 679 938 περιπαθὴς
700 840 746 918 ὢν
768 865 840 929 τοῖς
862 845 993 936 ὄψοις),
1023 872 1086 936 qua
1108 854 1142 919 in
1163 874 1198 920 re

61 958 191 1023 maxime
203 957 342 1022 cernitur
353 955 557 1021 commutatio
565 953 709 1039 Cytherii
721 975 793 1022 cum
804 955 967 1022 Leucadio
980 954 1031 1031 (cf.
1041 953 1197 1022 Schmidt.

62 1060 107 1124 ll.
123 1080 152 1143 p.
166 1060 227 1133 12).
264 1057 348 1122 Nam
363 1058 516 1140 colligere
538 1057 603 1122 iam
625 1059 713 1141 prius
736 1057 777 1123 de
793 1056 930 1124 Galatea
952 1058 1092 1123 carmine
1115 1059 1198 1125 cele·

61 1160 174 1226 branca
195 1160 354 1242 cogitasse
377 1165 505 1244 poetam
528 1164 560 1225 et
581 1164 696 1244 postea
718 1159 850 1226 crimine
881 1160 1051 1227 commisso
1081 1158 1198 1244 mythi-

62 1281 126 1327 cum
142 1265 361 1345 argumentum
381 1260 423 1325 ad
441 1259 622 1328 irrisionem
643 1263 771 1346 manni
793 1262 962 1328 inuertisse
984 1262 1079 1329 nimis
1101 1268 1198 1330 teme·

61 1366 169 1429 carium
186 1368 281 1429 esset.
315 1361 453 1428 Omnino
468 1368 576 1429 autem
598 1368 630 1428 et
643 1362 805 1428 Athenaei
820 1369 852 1429 et
866 1363 1092 1448 Aristophanis
1107 1363 1199 1431 scho-

61 1466 164 1532 liastae
178 1471 214 1532 ut
228 1464 356 1531 uidetur
370 1466 489 1549 optime
512 1465 630 1532 eruditi
652 1466 693 1542 (u.
710 1465 822 1531 ultima
836 1466 935 1532 uerba
951 1457 1113 1530 ἀπείκασε
1126 1469 1200 1543 etc.)

62 1569 241 1634 testimoniis
263 1567 304 1633 de
327 1569 496 1634 occasione
522 1574 554 1633 et
576 1567 700 1650 origine
729 1566 877 1632 carminis
907 1565 1005 1632 fidem
1031 1568 1198 1653 abrogare,

61 1669 92 1734 id
118 1668 200 1751 quod
228 1669 304 1735 fecit
332 1668 528 1736 Schmidtius
550 1690 581 1752 p.
599 1670 639 1732 56
670 1668 720 1747 (of.
744 1669 842 1735 etiam
862 1688 894 1751 p.
910 1672 962 1745 16)
990 1669 1118 1736 dicens:
1144 1664 1199 1736 ‘ne

61 1771 159 1858 multis
182 1789 265 1854 quae
288 1769 329 1836 de
351 1772 478 1854 tyranni
501 1771 656 1836 caecitate
679 1770 839 1837 adduntur
868 1770 1068 1854 impugnem,
1098 1773 1199 1839 mirus

61 1874 193 1956 profecto
210 1891 302 1940 casus
317 1873 453 1957 tulisset,
477 1873 504 1939 si
526 1878 573 1938 tot
595 1892 667 1939 cnm
689 1892 796 1939 rerum
818 1876 886 1937 tum
908 1874 1071 1939 nominum
1087 1875 1199 1940 simili-

61 1976 177 2043 tudines
192 1981 260 2041 tam
273 1994 426 2059 prospere
450 1994 484 2041 se
505 1994 570 2040 non
591 1979 658 2040 tam
678 1975 868 2042 obtulissent
889 1981 1005 2060 poetae
1028 1995 1124 2059 quam
1146 1997 1199 2044 ao-

62 2078 309 2145 commodassent
330 2079 436 2163 potius
459 2067 771 2160 submisissentque',
795 2078 1005 2162 superciliosi,
1029 2098 1093 2144 non
1113 2080 1199 2144 cauti

61 2178 163 2246 iudicii
178 2186 235 2246 est.
272 2180 356 2245 Nam
379 2199 461 2263 quae
483 2185 531 2246 tot
553 2201 587 2246 se
610 2180 824 2247 submiserunt
845 2197 950 2274 rerum
973 2178 1198 2262 nominumque

62 2280 305 2347 similitudines?
349 2280 522 2347 Nominum
553 2301 633 2363 una,
668 2300 732 2364 qua
761 2285 954 2347 commotum
985 2278 1199 2346 Philoxenum

62 2385 181 2449 omnino
196 2383 346 2449 carminis
362 2384 530 2449 consilium
553 2383 740 2466 concepisse
762 2383 947 2448 existimare
970 2382 1089 2466 licebit,
1113 2382 1200 2466 quod

60 2483 141 2549 idem
169 2490 236 2551 erat
266 2504 381 2550 nomen
408 2485 560 2551 tibicinae
588 2491 685 2568 atque
709 2483 859 2549 Nereidi:
890 2483 1063 2569 Galateam
1092 2505 1198 2552 rerum

61 2587 143 2651 nulla
162 2588 237 2671 alia,
260 2605 356 2670 quam
379 2585 467 2670 quod
488 2607 605 2653 scaena
626 2592 761 2670 utraque
783 2587 816 2651 in
831 2585 952 2653 Sicilia.
990 2587 1074 2652 Nam
1096 2589 1199 2655 omnis

61 2687 161 2754 fabula
182 2689 354 2773 amatoria,
384 2689 440 2755 ubi
462 2689 555 2772 inops
577 2689 694 2772 aliquis
716 2695 840 2755 amator
862 2689 903 2754 ab
926 2691 1053 2756 aemulo
1082 2695 1114 2756 et
1142 2711 1198 2775 po·

61 2787 186 2858 tentione
203 2797 236 2856 et
248 2792 351 2856 minus
367 2791 500 2857 amabili
515 2795 718 2876 oppugnatur
740 2796 773 2856 et
791 2790 982 2875 opprimitur
1003 2825 1045 2836 -
1067 2792 1199 2874 antiqua

61 2890 161 2958 fabula
182 2912 310 2976 semper
328 2913 415 2958 noua
435 2927 478 2937 -
498 2892 593 2959 facile
616 2892 660 2958 ad
674 2892 826 2976 (lyolopis
848 2898 880 2958 et
895 2892 1051 2959 Galateae
1072 2892 1198 2958 amores

62 3010 124 3056 cum
151 2993 248 3061 Ulixe
276 2993 461 3060 coniunctos
485 2993 616 3078 ,deflecti
643 3000 765 3079 potest,
794 2994 984 3079 praesertim
1013 2995 1041 3059 si
1071 2993 1112 3058 de
1140 3012 1198 3059 suo

63 3092 159 3161 Ulixis
180 3101 289 3179 partes
310 3100 409 3179 poeta
429 3094 531 3162 finxit.
568 3096 604 3162 Si
626 3116 703 3162 uero
725 3097 855 3162 luminis
876 3096 947 3161 acie
970 3094 1099 3160 carebat
1121 3095 1198 3160 Dio-

62 3197 178 3281 nysius,
207 3196 354 3281 adprime
382 3196 444 3264 hoc
470 3197 683 3264 conueniebat
703 3197 745 3262 ad
769 3194 852 3262 hanc
879 3195 1079 3278 potissimum
1108 3196 1198 3262 fabu-

63 3292 119 3360 lam
131 3301 151 3375 1)
172 3304 205 3366 et
219 3319 240 3364 a
253 3303 351 3382 poeta
365 3299 506 3366 studiose
525 3299 747 3383 arripiebatur,
771 3297 829 3363 sed
850 3317 892 3364 ne
914 3316 1045 3363 necesse
1068 3298 1198 3381 quidem

61 3404 123 3464 erat
143 3399 297 3466 accedere
319 3398 403 3466 hano
424 3402 703 3484 opportunitatem.

138 3501 231 3568 Ficta
252 3520 323 3568 esse
345 3521 426 3584 quae
441 3501 627 3568 Athenaeus
649 3501 782 3567 tradidit
804 3500 906 3567 credit
927 3501 1026 3567 etiam
1043 3504 1198 3588 Klingen·

62 3597 150 3669 dorus
169 3626 201 3688 p.
214 3607 255 3667 54
266 3621 332 3687 sq.,
362 3603 418 3686 qui
438 3610 607 3689 postquam
633 3604 704 3688 ipse
725 3604 879 3670 nonnulla
907 3604 1085 3692 suggessit,
1116 3623 1199 3688 quae

62 3703 173 3785 optime
188 3706 308 3772 faciant
324 3704 368 3770 ad
381 3705 484 3789 mythi
507 3711 539 3772 et
558 3705 714 3773 irrisionis
737 3706 924 3773 meditatam
938 3706 1125 3790 iuncturam,
1146 3698 1198 3772 ‘eo

61 3855 256 3868 ——-——....

143 3945 166 4006 1)
184 3936 362 3996 Κυκλώπων
377 3937 484 4008 ,alippa
501 3941 530 3994 in
546 3940 719 4010 prouerbium
737 3939 812 4010 abiit,
830 3940 855 3998 si
871 3940 971 3998 Suidae
983 3937 1117 3995 vossiano
1135 3953 1157 3994 s.
1168 3953 1197 3994 n.

60 4019 201 4080 nalum
217 4025 284 4080 tides
301 4022 440 4093 habenda3
459 4023 672 4094 conlaturae.
