2998 4674
245 247 307 305 252
606 248 737 315 Georgius
754 246 889 304 Ricardus
906 247 1023 302 Hollund

245 441 316 488 cum
340 421 428 505 apud
450 421 655 488 Theocritum
678 442 805 506 quoque
833 423 1006 504 prouerbia
1034 422 1191 487 adhibere
1219 424 1324 489 soleat
1352 423 1393 490 cf.

244 525 301 606 XI,
319 528 359 587 75
381 544 454 591 enm
476 525 592 590 Hilleri
614 523 722 590 adnot.
767 525 912 591 Permira
934 546 1009 591 uero
1034 534 1082 591 est
1107 527 1188 591 ratio
1211 524 1391 610 Schmitzii,

244 627 299 708 qui
314 627 493 710 fragmenta
507 627 615 692 omnia
629 626 706 710 lere,
729 647 812 709 quae
826 649 890 693 non
905 635 1015 712 aperte
1030 629 1129 694 alium
1145 647 1302 693 conexum
1318 647 1391 710 pro·

244 728 332 810 dunt,
355 728 418 795 huc
438 730 556 795 referre
577 748 766 812 propensus,
790 731 881 813 frgm.
898 731 956 794 XI.
971 730 1060 794 XIII.
1084 730 1137 794 IV.
1153 729 1201 794 III
1224 729 1274 807 (cf.
1292 731 1393 795 etiam

243 830 286 896 ad
300 830 337 894 fr.
353 831 413 914 II),
441 831 512 915 ipse
535 831 597 896 sibi
618 850 681 895 non
703 833 806 898 minus
828 835 966 899 incertas
990 852 1102 898 causas
1125 832 1275 916 opponit;
1299 833 1392 898 ouius

242 932 428 1015 ambiguum
449 933 604 998 iudicium
631 932 726 998 facile
748 933 791 998 ad
813 935 1014 1000 refutandum
1043 934 1159 999 acriter
1185 933 1263 999 reici
1293 933 1393 999 debet

243 1035 277 1098 in
297 1033 476 1117 fragmento
499 1035 563 1118 XI,
585 1035 641 1100 ubi
664 1034 724 1099 Bio
747 1038 938 1102 sententiam
959 1056 989 1101 u.
1004 1041 1037 1099 1:

400 1129 510 1218 ὄλβιοι
533 1135 565 1201 oi
589 1136 776 1223 φιλέοντες,
801 1134 884 1223 ἐπὴν
907 1136 981 1202 ’ίσον
1004 1129 1231 1220 ἇντεράωνται

244 1239 399 1322 exemplis
413 1240 455 1305 ab
471 1239 621 1306 heroibus
636 1243 771 1325 sumptis
786 1242 924 1308 illustrat
939 1251 971 1307 et
986 1240 1161 1306 Schmitzio
1175 1259 1207 1322 p.
1221 1240 1261 1302 38
1278 1231 1391 1321 ‘Poly-
1489 1285 1490 1340 ἦ

242 1339 376 1424 phemus
392 1342 547 1409 Galateae
570 1341 611 1408 de
632 1343 807 1410 amantium
830 1345 884 1426 qui
905 1344 1108 1409 redamentur
1130 1341 1283 1407 felicitate
1306 1341 1391 1407 ceci-

242 1433 343 1508 nisse'
362 1443 489 1510 uidetur
502 1465 567 1511 non
581 1445 741 1529 reputanti
756 1446 806 1511 illi
822 1446 961 1529 quidem,
981 1466 1078 1528 quam
1093 1464 1243 1528 peruerse
1257 1443 1392 1526 puellae

242 1553 365 1612 amator
380 1546 519 1631 Cyclops
534 1548 684 1632 exempla
706 1547 852 1631 petiisset
874 1549 915 1614 ab
939 1549 1113 1614 amicorum
1135 1565 1308 1628 eorumque
1332 1544 1391 1611 ho-

242 1649 362 1714 minum
376 1648 532 1715 fidelitate
554 1655 586 1714 et
607 1650 758 1715 amicitia.
796 1648 918 1727 Quibus
941 1670 983 1716 ex
1005 1650 1208 1734 opinionibus
1230 1668 1301 1714 cum
1323 1668 1392 1714 non

242 1751 375 1816 multum
402 1752 577 1833 lucremur,
607 1753 758 1818 certiores
785 1751 1008 1838 redipiscimur
1030 1752 1143 1818 Bionei
1173 1751 1286 1835 epyllii
1313 1753 1391 1817 reli-

242 1854 334 1935 quias
350 1872 392 1918 ex
406 1852 596 1919 testimoniis
618 1855 671 1919 uel
693 1856 889 1938 testimonio;
912 1874 987 1920 nam
1009 1855 1066 1919 uix
1088 1855 1199 1920 licebit
1221 1854 1262 1920 de
1276 1854 1391 1921 Bionis

242 1956 395 2040 opusculo
410 1955 557 2039 accipere
579 1975 690 2023 uersus
704 1957 863 2040 Myrsonis
884 1958 994 2023 incert.
1011 1956 1102 2039 idyll.
1118 1956 1196 2021 Ahr.
1206 1957 1260 2040 VI,
1274 1961 1289 2019 l
1301 1977 1388 2041 sqq.:

326 2059 404 2142 Λῄς
426 2054 463 2121 νύ
485 2060 520 2122 τί
540 2081 600 2138 μοι
621 2057 757 2124 Λνκίόα
778 2055 914 2123 Σικελὸν
936 2058 1035 2140 μέλος
1058 2052 1119 2122 ἁδὺ
1143 2057 1302 2142 λιγαίνειν

328 2156 458 2242 ἱμερόεν
480 2157 689 2243 γλοκνθνμον
712 2157 882 2246 ἐρωτικόν,
907 2157 978 2225 οἷον
1001 2155 1018 2225 ὁ
1042 2158 1192 2244 Κύκλωψ

327 2255 438 2326 ὂῖεισεν
460 2260 669 2348 Πολύφαμος
692 2255 749 2328 ἔνι’
774 2255 849 2349 ᾐόνι
870 2263 913 2348 τᾷ
935 2267 966 2326 Γ
964 2263 1118 2348 aiocslp3

241 2386 282 2430 cx
302 2385 365 2448 quo
380 2364 506 2432 Ahrens
529 2365 603 2432 huic
626 2368 767 2450 eclogae,
790 2386 873 2449 quae
895 2366 977 2432 inter
991 2366 1130 2432 Bioneas
1152 2366 1387 2447 numerabatur,

241 2466 410 2550 Smyrnaei
431 2487 555 2550 nomen,
578 2469 664 2550 quod
687 2469 756 2534 sola
777 2489 819 2534 ex
840 2469 947 2534 Fuluii
965 2469 1074 2534 Ursini
1096 2470 1286 2534 auctoritate
1308 2490 1388 2553 prae

240 2587 276 2634 se
296 2568 429 2651 ferebat,
452 2569 599 2653 dempsit.
632 2569 726 2635 Nune
740 2570 775 2635 id
790 2577 912 2636 tantum
928 2570 1059 2636 discitur
1082 2590 1123 2635 ex
1146 2571 1202 2635 illa
1225 2572 1389 2637 mentione

239 2670 379 2736 maxime
395 2671 429 2735 in
444 2669 569 2738 deliciis
583 2671 683 2738 fuisse
698 2691 823 2739 amores
840 2673 913 2737 illos
936 2673 1126 2756 pastoribus,
1149 2671 1389 2756 Polyphemum

239 2791 317 2840 uero
339 2779 597 2856 repraesentasse
621 2773 736 2840 Siculis
759 2780 845 2839 certe
866 2774 972 2840 mollis
1000 2775 1149 2840 carminis
1178 2776 1327 2841 amatorii
1356 2783 1390 2842 et

239 2882 380 2942 actorem
395 2882 427 2942 et
441 2882 612 2942 cantorem.
646 2876 819 2958 Egregium
835 2883 942 2942 autem
959 2883 1007 2942 est
1023 2878 1240 2943 testimonium
1255 2877 1297 2944 de
1312 2879 1387 2944 Bio-

239 2980 290 3044 nis
313 2979 453 3046 carmine
472 2979 505 3043 in
519 2977 712 3046 Ps-hlosohi
735 2977 899 3062 epitaphio
914 2978 1024 3044 Bionis
1046 2997 1099 3043 uu.
1112 2981 1247 3063 59-64,
1270 2981 1387 3062 quibus

240 3080 416 3166 discipulus
433 3079 572 3147 ostendit
588 3079 706 3147 diserte
724 3067 941 3164 praeceptoris
964 3081 1206 3146 celeberrimum
1229 3083 1387 3165 epyllium

239 3184 404 3267 Galateae,
427 3203 561 3266 quorum
583 3182 625 3250 de
646 3184 750 3267 pretio
772 3181 927 3249 iudicium
947 3203 1031 3249 nuno
1051 3171 1247 3267 suspendere
1262 3185 1385 3268 placet;

238 3285 274 3351 id
296 3306 392 3352 unum
414 3285 551 3352 sufficiat
572 3285 743 3353 adnotasse
766 3285 945 3352 confirmari
968 3284 1018 3350 his
1044 3284 1188 3351 uersibus
1217 3305 1314 3369 quam
1344 3308 1386 3354 ex

239 3388 340 3471 ipsius
362 3388 511 3454 carminis
533 3389 711 3470 fragmento
734 3387 926 3455 deduximus
948 3389 1200 3471 conclusionem,
1221 3389 1385 3471 repulsam

240 3488 351 3554 tulisse
375 3489 620 3573 Polyphemum.

324 3587 458 3654 Videtur
479 3592 576 3674 igitur
597 3593 657 3657 Bio
679 3593 720 3658 ab
744 3612 783 3658 ea
805 3612 900 3674 quam
923 3591 1112 3658 Theocritus
1140 3592 1302 3674 praeierat
1332 3597 1386 3661 uia

238 3713 303 3759 non
331 3690 511 3758 declinasse
544 3694 578 3758 in
607 3693 668 3760 hac
700 3694 810 3759 fabula
841 3695 968 3777 poetice
1000 3693 1166 3760 tractanda
1198 3695 1260 3760 nisi
1293 3698 1384 3762 molli

238 3844 310 3913 apud
322 3844 456 3900 Aristaen.
470 3843 548 3909 I,17:
571 3839 643 3909 πλὴν
660 3837 708 3893 οὐκ
725 3837 921 3912 ἀναγνωστέον
937 3838 1024 3895 ταῦτά
1040 3846 1099 3897 ἐστι
1117 3847 1172 3896 τοῖς
1188 3841 1383 3918 ἀνδρειοτέροις

211 3932 299 3983 ’τῶν
323 3931 460 4001 ἐραστῶν·
487 3929 581 3999 ῥανὶς
605 3923 668 3998 γὰρ
694 3920 820 3979 ὕδατος
845 3923 1032 3992 ἐνδελεχῶς
1057 3925 1298 3995 ἐπιστάζουσα
1325 3936 1382 3983 καὶ

239 4019 365 4084 πέτραν
382 4011 451 4067 οἶδε
468 4010 661 4066 κοιλαίνων.
