2998 4674
15 2047 17 2110 l

446 231 489 286 oe
506 229 669 300 Polyphemo
686 237 714 286 a
731 233 851 288 6666.
1148 209 1223 292 Ι663
1304 201 1306 208 ’

80 406 142 471 1166
157 407 279 471 6611166
293 406 448 472 momenti
462 405 561 471 fuisse
582 407 800 472 existimemus
821 408 855 472 in
876 407 1055 491 pangendis
1077 408 1224 474 uersibus

79 506 132 572 06.
149 508 213 570 840
223 527 271 590 sq.
300 507 353 574 661
380 509 412 572 16
441 506 603 573 uertendis
626 507 826 575 Theocriteis
849 509 902 592 VI,
920 511 959 573 35
971 528 1041 592 sqq.
1064 509 1222 576 Maronia-

78 629 130 674 nos
152 610 213 675 ecl.
230 610 272 694 Π,
289 613 329 673 25
338 628 386 692 sq.
425 601 525 674 Pohro
548 611 698 694 componi
719 615 852 695 possunt
874 609 933 676 Ou.
951 631 981 676 n.
995 612 1054 674 781
1080 617 1112 677 et
1126 610 1221 695 Verg.

77 711 150 777 Aen.
167 711 228 796 III,
246 714 307 776 666
337 716 369 777 et
390 713 485 795 pinus
507 712 614 777 baculi
637 713 760 779 uicibus
781 711 869 795 apud
896 717 1065 796 utrumque
1092 719 1222 797 poetam

76 813 209 897 fungens
234 812 292 880 On.
308 815 369 876 782
392 813 465 878 coll.
482 833 508 878 c.
520 812 615 896 Verg.
630 814 711 879 Aen.
726 812 784 897 III,
800 816 872 879 659.

155 915 332 982 Manifesta
346 935 423 981 uero
439 921 471 980 et
485 915 550 981 iam
565 915 692 998 pridem
707 915 879 1001 intellecta,
895 917 953 982 sed
968 916 1109 984 nondum
1124 917 1222 1000 frngi-

76 1017 139 1082 fera
153 1017 243 1084 facta
258 1015 511 1101 deprehenditur
523 1017 678 1083 mutuatio
694 1016 813 1100 Ouidii,
837 1019 927 1086 onius
947 1020 1104 1103 originem
1126 1020 1222 1086 altius

75 1126 219 1202 repetere
242 1120 378 1187 fortasse
401 1119 584 1202 poterimus,
608 1117 659 1184 his
681 1121 715 1184 in
736 1121 817 1186 locis
838 1127 912 1187 met.
929 1121 1019 1205 XIII,
1036 1124 1191 1204 851sqq.:

155 1243 257 1288 unum
281 1222 385 1288 estin
406 1221 515 1286 media
536 1220 644 1288 lumen
665 1220 745 1287 mihi
766 1223 886 1306 fronte,
908 1222 966 1290 scd
988 1225 1088 1292 instar

155 1324 340 1407 ingentis
364 1322 499 1406 clipei.
534 1321 636 1405 quid?
658 1344 721 1389 non
744 1323 826 1390 haec
848 1325 956 1390 omnia
976 1345 1093 1409 magno

155 1426 231 1492 Sol
254 1425 344 1492 uidet
366 1445 384 1492 e
407 1425 524 1491 caelo?
561 1423 649 1491 Soli
671 1430 778 1490 tamen
800 1425 912 1491 unicus
933 1427 1035 1512 orbis,

75 1546 150 1609 quos
173 1529 294 1613 praeiit
315 1528 414 1594 ferme
436 1547 548 1594 uersus
570 1527 731 1610 Vergilius
745 1526 826 1592 Aen.
842 1526 900 1608 ΠΙ,
916 1529 978 1590 635
990 1547 1075 1612 sqq.:

431 1634 463 1696 ct
485 1631 550 1696 telo
571 1629 679 1694 lumen
703 1630 900 1695 terebramus
922 1635 1017 1696 acuto

155 1734 319 1817 ingens,
342 1733 427 1816 quod
450 1738 542 1798 torua
562 1732 666 1798 solum
688 1733 747 1798 sub
769 1731 873 1798 166666
894 1733 1032 1816 latebat,

153 1836 345 1919 Argolici
368 1836 495 1918 clipei
517 1841 573 1900 aut
594 1833 809 1900 Phoebeae
832 1833 1037 1918 lampadis
1058 1836 1167 1902 instar.

75 1935 218 2022 Apparet
241 1936 393 2003 Ouidium
421 1956 486 2004 non
514 1938 617 2003 solum
647 1937 745 2020 clipei
774 1936 1016 2004 similitudinem
1043 1958 1065 2002 a
1090 1936 1221 2003 Marone

75 2046 251 2108 mutuatum
264 2059 344 2122 esse,
360 2038 540 2124 sedetiam,
557 2059 630 2105 cum
641 2037 750 2107 Solem
766 2047 979 2108 antestantem
993 2040 1115 2106 faceret
1125 2039 1220 2123 Poly-

75 2139 242 2225 phemum,
272 2140 444 2208 Phoebeae
472 2140 634 2225 lampadis
655 2161 828 2208 memorem
856 2142 964 2208 fuisse.
1009 2142 1085 2225 Ipsa
1113 2146 1222 2207 antem

74 2263 122 2310 res
144 2247 227 2312 satis
249 2245 345 2310 mira:
373 2245 586 2328 nequeenim
614 2246 717 2312 solere
740 2244 892 2311 Ouidium
921 2245 988 2310 fere
1017 2243 1061 2309 ad
1089 2243 1222 2309 uerbum

76 2347 216 2431 singulas
239 2367 290 2414 res
314 2348 347 2411 in
371 2347 587 2431 comparando
610 2345 826 2413 enumerando
852 2345 1030 2412 enarrando
1058 2345 1221 2413 adhibitas

76 2467 113 2513 ex
127 2450 329 2534 praegressis
344 2449 449 2534 poetis
463 2450 527 2516 sibi
541 2448 699 2531 adrogare
720 2447 817 2515 modo
840 2450 874 2514 in
894 2449 1039 2533 pluribus
1063 2450 1221 2535 exemplis

76 2551 330 2634 obseruauimus,
352 2571 436 2616 nunc
459 2570 521 2617 uno
545 2551 788 2634 comprobamus
810 2549 888 2635 hoo,
911 2550 999 2634 quod
1021 2550 1156 2618 Ouidius
1180 2570 1221 2618 ex

15 2653 16 2732 l
74 2653 143 2721 loeo
167 2654 354 2736 Vergiliano
383 2653 537 2720 simillimi
564 2653 759 2736 argumenti,
792 2653 848 2719 ubi
876 2652 1046 2720 Galateam
1075 2653 1221 2738 adloqui-

15 2767 16 2774 ’
76 2761 122 2820 tur
144 2755 275 2839 coryco
297 2758 356 2822 ecl.
370 2757 440 2840 VH,
456 2759 571 2838 37sq.,
593 2755 677 2821 nihil
698 2756 760 2822 nisi
783 2776 918 2840 cycnum
940 2758 1099 2823 asciscere
1120 2758 1222 2823 uoluit

75 2868 146 2926 met.
164 2859 256 2942 XIII,
269 2860 341 2942 796,
364 2859 454 2925 cuius
469 2878 510 2924 ne
526 2858 697 2925 candorem
720 2858 851 2943 quidem
873 2861 1073 2944 comparauit
1094 2865 1129 2923 ut
1143 2859 1220 2924 Ver·

76 2963 181 3043 gilius.
213 2962 284 3026 Iam
297 2962 430 3027 alterius
445 2962 532 3027 illius
547 2963 595 3028 rei
609 2968 824 3045 comparatae,
848 2962 991 3044 clipei,
1014 2962 1085 3026 fons
1108 2961 1219 3026 etiam·

75 3083 156 3132 nunc
186 3069 293 3147 potest
319 3062 402 3128 adiri
431 3064 464 3128 in
490 3062 680 3130 Callimachi
709 3063 818 3147 hymn.
841 3065 875 3128 in
897 3063 990 3128 Dian.
1014 3082 1065 3127 un.
1084 3063 1124 3124 52
1136 3081 1217 3145 sqq,

76 3167 128 3232 ubi
151 3167 193 3233 de
216 3166 411 3250 Cyclopibus
433 3165 565 3232 dicitnr:

584 3267 671 3330 πᾶσι
693 3256 726 3328 δ’
751 3256 812 3328 ὑπ’
838 3255 944 3350 ὀφρὺν

202 3367 293 3457 φάεα
314 3365 535 3454 μουνόγληνα,
559 3364 678 3432 σάκει
699 3365 771 3432 ἰ’σα
793 3370 1063 3452 cappadociae,

204 3468 312 3538 δεινὸν
333 3465 618 3556 ὖπογλαύσσοντα.
720 3531 723 3538 ,
822 3533 825 3540 ,

79 3575 185 3654 Quid?
214 3578 242 3642 61
264 3575 395 3641 alterius
417 3593 545 3658 qnoque
567 3572 786 3640 similitudinis
808 3571 945 3640 eundem
965 3573 1087 3638 fontem
1109 3575 1219 3640 statui·

78 3700 154 3763 mus,
177 3698 281 3745 nonne
302 3677 523 3762 perspicimus,
546 3696 603 3743 cnr
616 3681 749 3758 uterque
764 3683 861 3762 poeta
879 3675 994 3743 eodem
1016 3676 1129 3742 ordine
1151 3694 1218 3740 eas-

79 3781 150 3848 dem
171 3801 223 3846 res
246 3779 359 3846 eadem
382 3779 550 3846 occasione
572 3779 756 3861 usurparit?
800 3778 894 3845 Unde
917 3799 994 3846 nero
1019 3776 1218 3861 probabilius

80 3881 157 3950 haec
172 3883 273 3967 petita
286 3881 479 3964 putabimus,
503 3901 597 3964 quam
614 3882 668 3946 ubi
684 3880 861 3966 Cyclopem
876 3879 1057 3947 describere
1079 3876 1219 3945 debebat

80 3993 183 4070 poeta,
205 3983 459 4052 extialateae
483 3984 641 4068 epyllio
663 3981 970 4052 Callimacheo?
1006 3979 1099 4046 Nune
1119 3982 1218 4048 male-
