2998 4674
291 235 353 292 246
653 231 784 300 Georgius
801 231 935 286 Ricardus
952 230 1070 286 Helland

290 413 394 472 torum
410 407 604 472 sucereuerit
618 405 807 472 Theocrito:
829 426 913 471 nunc
929 404 1090 488 proficisci
1112 425 1284 488 pergemus
1307 424 1369 487 quo
1388 406 1424 469 in-

291 509 449 574 stituimus
472 508 594 573 itinere.
632 508 718 572 Num
732 501 843 573 Nicias
858 505 1012 589 Milesius,
1035 506 1201 573 Theocriti
1223 508 1355 589 amicus,
1376 506 1426 572 hac
1455 553 1458 560 ·

234 655 242 670 .
291 612 324 675 in
346 610 482 676 materia
504 616 648 676 uersatus
670 611 713 676 sit
734 615 766 676 et
788 628 853 691 qua
872 595 1006 691 ratione,
1028 609 1071 674 ad
1093 615 1212 676 ceriam
1235 609 1426 675 occasionem
1482 607 1483 692 ς

291 711 476 779 differemus
500 713 689 778 sententiam
703 715 732 787 ¹).

829 885 847 958 §
871 884 900 946 3.

555 1074 557 1078 .
606 1019 663 1084 De
686 1018 930 1084 Callimachi
953 1019 1119 1102 epyllic.

376 1154 567 1221 Callimachi
589 1174 716 1220 carmen
738 1153 876 1220 Galatea
904 1155 1090 1239 inscriptum
1119 1175 1183 1220 non
1212 1156 1349 1220 innotuit
1374 1154 1428 1218 nisi

290 1277 354 1323 uno
375 1259 552 1340 fragmento
575 1263 706 1341 propter
733 1257 840 1341 pisces
869 1277 890 1320 a
917 1256 1054 1339 piscium
1081 1256 1249 1322 laudatore
1271 1255 1427 1321 Athenaeo

290 1367 428 1444 seruato,
451 1381 515 1443 quo
531 1381 595 1426 non
610 1360 745 1424 multum
760 1361 923 1441 iuuamur;
944 1360 1049 1442 neque
1065 1360 1138 1424 aliis
1154 1380 1196 1424 ex
1211 1358 1339 1424 indiciis
1360 1357 1428 1423 satis

290 1471 379 1530 certa
395 1465 558 1529 conclusio
573 1462 609 1528 fit
624 1462 665 1528 de
681 1460 872 1527 Callimachi
895 1463 928 1525 in
950 1460 1012 1526 hac
1033 1462 1154 1527 fabella
1175 1461 1343 1526 tractanda
1363 1480 1426 1524 auc-

290 1568 429 1651 toritate,
453 1585 550 1648 quam
565 1567 716 1631 eximiam
732 1571 764 1630 et
778 1564 972 1647 exquisitam
986 1564 1085 1628 fuisse
1103 1565 1136 1627 in
1155 1562 1217 1628 hoc
1238 1563 1429 1647 potissimum

290 1675 388 1751 poeta
402 1668 539 1733 libenter
554 1673 685 1732 statuas.
722 1667 771 1732 Ac
785 1685 827 1731 ne
843 1665 1044 1749 exploratum
1058 1666 1191 1748 quidem
1213 1671 1262 1732 est
1284 1664 1429 1730 sollemne

290 1774 513 1853 argumentum
541 1771 681 1836 carmine
704 1761 873 1832 scisma
902 1773 1071 1833 tractatum
1099 1770 1216 1851 fuisse,
1246 1786 1429 1849 quamquam

290 1892 379 1937 mare
397 1891 511 1954 sapere
533 1891 630 1936 unum
652 1871 734 1936 illud
755 1872 924 1937 frustulum
945 1877 1032 1937 recte
1055 1872 1159 1938 uisum
1180 1876 1230 1937 est
1251 1869 1428 1936 editoribus.

290 1974 423 2057 Legitur
438 1975 524 2040 enim
545 1996 596 2059 ap.
612 1973 729 2039 Athen.
742 1973 803 2039 VH
824 1992 856 2055 p.
869 1974 970 2040 2840:
993 1973 1208 2055 Καλλίμαχος
1223 1968 1257 2036 ἐν
1271 1971 1429 2055 Γαλατείᾳ

291 2073 349 2141 τὸν
368 2073 559 2161 χρύσοφρυν
582 2075 687 2152 (καλεῖ
710 2070 799 2159 ἱερὸν
822 2071 932 2155 ἰχθύν)

400 2166 422 2262 ἢ
443 2177 570 2260 μᾶλλον
590 2175 743 2263 χρύσειον
766 2167 854 2253 iah)
879 2167 1021 2263 ὀφρύσιν
1044 2174 1135 2261 ἱερὸν
1158 2175 1257 2258 ἰχθύν

400 2269 422 2365 ἢ
444 2282 568 2363 πέρκας
591 2269 655 2343 ὅσα
676 2271 710 2342 τ’
737 2272 823 2342 dila
845 2283 942 2364 φέρει
962 2275 1071 2362 βυθὸς
1094 2273 1241 2355 donceres
1264 2271 1367 2367 ἅλμης

291 2384 329 2449 cf.
354 2381 500 2448 Eustath.
522 2402 555 2465 p.
569 2385 661 2465 1067,
673 2385 714 2445 44
722 2400 769 2464 sq.
791 2380 959 2459 (Schneid.
972 2383 1009 2446 fr.
1023 2384 1075 2459 37)

291 2485 323 2550 h.
338 2506 367 2550 e.
387 2477 454 2550 ‘uel
476 2484 584 2567 potius
606 2485 712 2550 aureis
735 2485 916 2568 superciliis
939 2491 1083 2550 sanetum
1105 2485 1228 2570 piscem

400 2576 455 2651 uel
476 2605 590 2669 percas
613 2592 646 2651 et
667 2605 751 2668 quae
772 2587 838 2651 alia
859 2588 962 2670 gignit
984 2589 1081 2654 maris
1109 2589 1267 2654 immensa
1288 2577 1430 2672 uorago'.

201 2739 203 2744 -
290 2689 340 2755 Αο
357 2686 539 2752 Meinekius
562 2686 694 2769 quidem
715 2687 758 2752 ad
772 2687 909 2754 Theocr.
925 2689 982 2772 XL
1002 2693 1041 2753 56
1065 2689 1241 2773 Cyclopem
1263 2691 1327 2757 sibi
1349 2691 1432 2772 fingit

292 2792 343 2858 his
357 2788 476 2872 uerbis,
496 2781 545 2853 ‘ut
558 2787 646 2871 apud
661 2787 868 2856 Theocritum
884 2791 1039 2858 Calateae
1061 2793 1225 2858 terrestria
1239 2792 1326 2859 dona
1346 2793 1431 2878 polli-

380 2977 404 3038 1)
422 2971 572 3038 Nescimus,
590 2989 645 3042 quo
661 2973 719 3028 iure
736 2971 855 3027 Kornius
872 2973 907 3030 ad
925 2974 975 3028 Cu.
985 2977 1048 3029 met.
1058 2973 1135 3040 XIII,
1145 2980 1279 3031 iso-897
1297 2977 1431 3046 Eupho·

292 3061 421 3116 rionem
439 3057 557 3114 fortasse
569 3057 622 3126 hoc
634 3062 821 3126 argumentum
832 3063 966 3124 mactasse
977 3061 1153 3116 contenderit.
1181 3061 1346 3130 Respexitne
1363 3060 1431 3116 testi-

292 3147 410 3202 monium
433 3161 546 3214 prorsus
570 3145 706 3200 sublestae
729 3142 791 3198 fidei
814 3144 899 3200 schol.
914 3143 1028 3199 Theocr.
1043 3145 1151 3210 xliiii
1176 3146 1217 3200 sic
1234 3163 1251 3201 a
1268 3147 1336 3202 uiris
1354 3146 1431 3202 doctis

293 3232 477 3288 emendatum:
495 3228 546 3284 τὸν
557 3224 645 3282 “Phua
657 3229 804 3300 Σωκράτης
820 3226 881 3282 υἱὸν
897 3224 1054 3300 Ἡρακλέους
1071 3237 1163 3300 φησίν,
1178 3225 1359 3286 Ἀπολλώνιος
1376 3230 1430 3284 did

291 3315 390 3370 Ῥόδιος
413 3312 625 3382 Θειοδάμαντος,
647 3312 801 3384 Νίκανδρος
821 3312 852 3368 δὲ
869 3309 985 3381 Kairiana,
1007 3311 1154 3387 Εὐφορίων
1176 3314 1206 3369 δὲ
1228 3316 1431 3387 Πολοφήμον

292 3405 348 3454 τοῦ
367 3397 579 3454 Ποσειδῶνος
596 3398 733 3470 ἐρώμενον
754 3399 884 3466 (Meinek.
899 3401 952 3454 An.
962 3400 1005 3455 Al.
1024 3400 1057 3454 fr.
1070 3405 1143 3467 149),
1165 3402 1212 3456 ubi
1228 3402 1369 3471 Euphorio
1387 3403 1430 3470 Cy·

293 3488 397 3554 elopem
420 3483 541 3553 Neptuni
563 3485 647 3539 filium
672 3485 777 3540 uidetur
800 3484 974 3554 intellegere?
1001 3485 1036 3540 ci.
1055 3485 1139 3540 schol.
1154 3487 1243 3554 Apoll.
1259 3486 1348 3543 Rhod.
1364 3489 1390 3553 Ι,
1404 3491 1430 3540 1ο

292 3570 385 3637 (Mein.
398 3569 432 3622 fr.
446 3573 512 3634 144).

284 3659 286 3664 “
379 3657 405 3720 2)
423 3653 508 3706 Recte
519 3653 628 3707 uidetur
639 3668 689 3722 pro
701 3653 802 3708 tradito
821 3656 851 3706 ἐν
869 3655 1024 3709 restitutum
1042 3651 1088 3707 ἐπ’
1103 3671 1136 3708 ex
1148 3655 1338 3711 Eratosdrenis
1355 3671 1430 3711 uersu

175 3772 182 3786 ·
292 3760 336 3812 sp.
355 3741 424 3795 Plut.
441 3739 474 3792 de
488 3738 588 3792 sollert.
603 3737 683 3792 anim.
700 3743 732 3792 32
750 3755 778 3806 p.
789 3738 876 3805 981d3
900 3739 1092 3808 Bernhardyus
1110 3741 1250 3795 Eratosth.
1268 3757 1294 3809 p.
1308 3745 1368 3808 139,
1390 3741 1430 3810 qui

293 3829 401 3883 dubitat
418 3825 452 3880 de
473 3823 653 3877 Callimachea
670 3838 798 3878 uersuum
815 3824 929 3892 origiue,
946 3824 1081 3879 refutatus
1098 3843 1116 3880 a
1136 3825 1262 3896 Diltheyo
1281 3827 1314 3880 de
1333 3827 1428 3881 Gallim.

294 3914 359 3982 Cyd.
377 3929 404 3981 p.
418 3915 465 3966 109
488 3907 549 3962 adn.
561 3912 590 3975 25
615 3907 677 3962 uide
699 3907 823 3963 Schneid.
837 3907 941 3964 Callim.
954 3909 982 3964 11
998 3914 1100 3979 p.164;
1128 3911 1267 3966 Eratosth.
1282 3928 1363 3966 carm.
1376 3911 1427 3964 rell.

293 3995 362 4067 disp.
375 4001 402 4050 et
413 3994 485 4064 expl.
498 3993 592 4047 Hiller.
612 4010 639 4062 p.
650 3995 683 4046 34
700 3991 763 4048 adn.
776 3997 798 4050 1.
