2998 4674
451 228 494 282 De
510 228 675 299 Polyphemo
694 235 722 284 et
740 231 862 286 Galatea.
1170 235 1229 294 257
1288 272 1291 278 ·

18 422 19 492 ζ
83 401 177 483 quasi
202 401 369 483 explicata
390 407 486 483 atque
510 407 643 468 extensa
666 423 683 468 a
705 403 815 469 radice
836 404 1003 470 breuitatis
1020 404 1233 474 Theocriteae

18 519 22 590 ι
82 501 283 578 (Washietel.
299 505 480 586 p.129sq.).
511 502 723 589 compellatio
735 505 821 570 enim
832 504 987 572 Galateae
1003 528 1054 572 uu.
1065 509 1232 573 789-807

18 593 22 655 ἒ
81 624 140 687 per
167 602 391 688 duodeuiginti
413 625 524 672 uersus
548 608 731 673 eontinuata
757 609 940 692 primariam
971 607 1077 675 hausit
1106 616 1231 675 senten-

18 735 23 773 ι
80 707 161 770 tiam
191 726 232 772 ex
262 705 387 773 duobus
416 709 562 774 uersibus
592 708 727 776 Theoor.
749 709 812 793 XI,
828 713 868 773 20
881 728 928 792 sq.
962 710 1076 777 eadem
1104 719 1233 778 seruata

80 809 272 893 partitione,
294 815 330 874 ut
350 810 452 876 altera
473 816 564 894 parte
586 812 693 894 priore
715 811 896 878 formositas
918 810 1082 898 nymphae
1104 835 1231 898 eompa-

20 978 21 989 ,
79 910 183 976 rando
205 912 398 995 celebretur,
424 913 553 996 puellae
576 933 680 979 mores
702 915 890 997 animusque
912 915 1101 981 denotentur
1123 922 1155 980 et
1177 915 1230 980 de-

20 1073 21 1112 ,
78 1013 246 1097 plorantur
263 1014 365 1078 altera
386 1015 563 1097 posteriore
586 1015 625 1082 ef.
642 1009 851 1100 Theonn’Xl,
863 1018 919 1080 20:
943 1012 1038 1083 Ouid.
1053 1019 1230 1084 789-797.

20 1115 23 1157 ¹·
79 1114 218 1180 Theoor.
234 1115 292 1197 XI,
303 1118 357 1179 21:
380 1114 439 1181 Οιι.
454 1118 631 1202 798-807,
657 1120 741 1186 binis
763 1121 989 1203 eomparatiuis
1011 1119 1230 1204 respondenti·

19 1232 21 1274 c
78 1219 140 1282 bns
163 1217 262 1283 ternis
285 1217 386 1283 donis.
432 1217 647 1303 Segregantur
670 1220 753 1289 duae
775 1228 883 1307 partes
907 1222 1077 1288 manifesto
1104 1225 1231 1289 nomine

20 1351 21 1394 ι
81 1327 211 1386 amatae
232 1320 369 1403 repetito
392 1340 422 1384 u.
436 1321 513 1386 798:

235 1423 362 1488 saeuior
384 1422 547 1489 indomitis
571 1423 685 1490 eadem
708 1424 881 1490 Galatea
903 1426 1062 1509 iuuencis,

20 1569 24 1616 p
81 1524 169 1606 quod
184 1524 337 1589 admonet
350 1543 409 1590 nos
425 1526 621 1608 pronominis
639 1516 752 1591 ‘idem'
772 1526 869 1591 simili
883 1518 1109 1610 ratione'apud
1124 1526 1230 1594 Theo-

20 1645 21 1680 2
81 1628 195 1692 oritum
218 1627 378 1711 usurpati,
408 1627 464 1691 ubi
492 1627 560 1709 (XI,
578 1631 629 1704 34)
659 1625 875 1710 Polyphemus
898 1648 918 1693 a
940 1627 1142 1694 deformitate
1172 1649 1231 1695 sua

20 1797 21 1802 ,
79 1728 196 1794 hausit
216 1729 260 1793 ad
282 1729 413 1795 diuitias
435 1727 628 1795 laudandas:
978 1715 1016 1740 “

20 1853 21 1868 ³
107 1822 183 1894 ἀλλ’
200 1823 328 1905 wlede
344 1830 402 1907 (sio
417 1829 509 1896 codd.
523 1852 540 1898 e
553 1853 573 1897 a
584 1833 621 1910 s),
644 1832 795 1907 τοιοῦτος
810 1827 882 1909 ἐών,
902 1827 987 1914 βοτὰ
999 1831 1093 1913 χίλια
1106 1829 1229 1916 βόσκω.

19 1923 23 2000 i
81 1935 229 2000 Liberius
251 1935 285 1999 in
307 1954 399 1999 usum
422 1953 514 1999 suum
535 1935 632 2000 uertit
645 1934 734 2000 Naso
755 1935 895 2001 hnoolioi
918 1937 1173 2018 comparationes
1195 1943 1231 2002 ut

80 2037 134 2102 hie
155 2037 313 2119 incipiens
334 2057 356 2101 a
378 2034 516 2102 eandore
545 2037 668 2102 lacteae
696 2038 843 2122 puellae,
873 2057 945 2102 oum
974 2057 1036 2119 quo
1064 2044 1230 2122 comparat

20 2181 21 2188 ι
80 2139 191 2205 folium
213 2139 301 2204 niuei
321 2137 447 2220 ligustri
470 2158 499 2202 u.
513 2139 583 2221 789,
606 2159 671 2205 non
692 2139 744 2206 lae
767 2143 919 2221 ooaotnm,
948 2139 1037 2204 onius
1060 2139 1228 2205 mollitiem

79 2262 109 2305 ιι.
124 2243 185 2304 796
208 2241 351 2308 conferre
373 2240 502 2322 maluit,
533 2259 604 2305 oum
628 2239 817 2306 Theocritus
841 2238 923 2304 hano
945 2240 1095 2305 uirtutem
1120 2243 1228 2324 potius

79 2342 122 2408 ad
144 2343 220 2426 agni
242 2343 483 2408 similitudinem
505 2348 635 2408 reuooet
655 2340 742 2425 apud
766 2339 919 2406 Ouidium
947 2362 1011 2407 non
1039 2349 1227 2410 exstantem.

80 2447 223 2511 Alteram
238 2465 315 2512 uero
331 2452 454 2529 partem
470 2463 599 2530 prorsus
618 2443 659 2508 ab
682 2442 797 2510 eadem
819 2443 948 2509 inoohat
970 2446 1110 2529 imagine
1131 2453 1230 2530 poeta

80 2549 256 2632 Romanus,
281 2569 344 2631 qua
364 2548 521 2615 Graeous:

17 2654 18 2658 ’
229 2647 343 2732 μόσχω
365 2652 565 2736 γαυροτέραε
587 2651 713 2716 saeuior
734 2649 899 2716 indomitis
921 2650 1084 2734 iuuenois3

17 2823 18 2828 ἵ
83 2753 213 2818 alteram
236 2754 507 2837 comparationem
529 2773 587 2818 suo
610 2772 650 2818 ex
673 2752 824 2836 ingenio,
849 2771 922 2818 eum
945 2770 1040 2817 unam
1069 2758 1227 2818 maturam

16 2879 17 2948 ι
85 2853 231 2937 quidem,
260 2874 324 2919 non
352 2854 484 2921 erudam
511 2849 694 2920 adhibuerit
722 2854 786 2919 iam
816 2874 845 2919 u.
861 2855 939 2935 795,
968 2854 1014 2919 ita
1042 2855 1162 2935 uariat,
1193 2859 1228 2919 ut

16 2955 17 2976 ³
84 2957 302 3041 asperitatem,
331 2977 427 3040 quam
455 2976 527 3022 oum
549 2956 730 3023 Ribbeokio
753 2975 833 3022 mus.
849 2954 950 3020 Rhen.
967 2955 1069 3037 XVII,
1087 2959 1148 3019 565
1156 2975 1226 3038 sqq.

84 3078 159 3124 uooe
181 3058 375 3145 φιαλωτέρα
397 3058 570 3142 significari
593 3060 816 3140 consentimus,
843 3058 986 3123 conferat
1007 3077 1079 3122 eum
1102 3058 1227 3124 tribulis

84 3180 111 3224 ιι.
128 3163 189 3225 803
213 3161 327 3227 eodem
350 3180 391 3227 ex
413 3162 490 3228 orbe
513 3168 645 3228 naturae
666 3167 762 3243 atque
785 3179 849 3224 uua
870 3160 989 3243 petitis.

163 3263 313 3328 (laterum
335 3265 369 3329 in
391 3264 606 3348 comparanda
620 3263 758 3330 Galatea
778 3261 957 3328 luxuriatur
971 3261 1059 3328 Naso
1082 3263 1223 3328 oeoasio·
1264 3284 1265 3290 ¹

15 3367 17 3374 ’
83 3383 152 3429 nem
174 3365 353 3450 amplexus,
376 3385 441 3448 qua
461 3366 616 3433 ubertatis
639 3364 857 3446 sermonisque
880 3363 1027 3430 uariandi
1050 3362 1155 3430 studio
1178 3366 1225 3429 in-

15 3487 16 3526 ι
82 3465 227 3551 dulgeret
248 3488 312 3534 non
332 3489 448 3552 pareus
470 3487 600 3553 promus
623 3467 798 3549 imaginum
817 3465 1050 3547 uerborumque
1072 3463 1225 3533 thesauri.

81 3568 148 3636 Neo
169 3575 278 3636 tamen
299 3590 371 3637 eum
394 3569 638 3637 similitudinum
661 3570 772 3635 orbem
794 3568 936 3651 exeedit,
967 3586 1062 3650 quem
1087 3569 1226 3652 simplioi

82 3671 232 3756 Cyclopis
246 3674 344 3738 menti
360 3672 634 3741 accommodatum
650 3677 827 3756 exspectes.
858 3670 977 3738 Omnes
992 3671 1059 3738 fere
1073 3690 1125 3736 res
1141 3689 1224 3735 oom-

82 3821 166 3876 diania
184 3821 360 3878 Vindobonae
371 3827 450 3890 1883,
472 3825 518 3892 qui
534 3841 560 3892 p.
574 3827 708 3879 121-135
726 3823 885 3893 Polyphemi
902 3822 1053 3876 cantilenae
1077 3817 1225 3872 sententias

83 3907 239 3961 auctoribus
252 3907 370 3962 restituit
381 3907 435 3961 alio
446 3923 479 3961 ao
491 3923 541 3961 noo
559 3923 625 3962 usus
644 3908 756 3964 oonsilio
775 3923 829 3962 ιιοιι
847 3923 953 3976 semper
969 3905 1049 3969 felici,
1068 3917 1146 3970 quem
1162 3917 1223 3970 gra-

83 3992 200 4048 uioribus
218 3996 323 4048 tantum
341 3993 408 4047 loeis
425 3992 537 4046 laudare
555 3992 680 4048 sufficiet.

130 4089 249 4140 lteiprlgar
261 4089 362 4131 Studien.
383 4085 431 4130 vn.
991 4077 1020 4126 17
