2998 4674
449 234 492 290 Dc
508 234 674 306 Polyphemo
691 242 719 293 ct
737 237 858 294 Galatea.
1168 238 1231 300 273

16 152 20 194 l

12 424 18 478 J
82 429 145 492 qua
166 410 277 493 specie
300 409 369 472 neri
392 406 453 473 hac
475 409 508 472 ln
530 408 663 472 materia
685 409 854 476 stationem
876 411 1001 494 possint
1025 429 1230 498 recuperare:

12 522 22 564 l
80 510 117 576 fr.
134 507 312 576 51080111.
335 507 447 586 (schol.
464 507 599 575 Theocr.
616 508 704 592 VIII,
721 512 787 584 30):

16 554 22 680 1
488 601 641 687 111ζωνό’
666 602 718 676 ἄν’
744 605 822 696 ὄρος

11 699 18 792 ’ἶ
78 715 184 780 solent
199 714 348 797 accipere
363 710 551 795 Diltheynm
567 711 608 778 de
624 711 750 780 Gallim.
763 713 843 798 Cyd.
859 734 892 798 p.
906 715 945 778 88
962 715 1063 782 secuti
1079 707 1134 782 ‘de
1149 715 1229 781 Her·

16 858 20 902 μ
78 816 150 881 cula
165 813 273 898 Hylae
287 833 404 880 nornen
423 833 482 897 pen
504 820 627 881 montes
649 807 847 882 clamitante‘
871 817 933 882 nisi
957 815 1078 883 codicis
1093 816 1229 883 Ambro-

78 916 162 980 siaui
177 935 209 998 p.
223 917 264 978 63
279 915 416 998 Ziegler.
440 917 638 1000 auctoritate,
662 914 718 1001 qui
733 918 891 1003 explicat:
914 908 1056 1004 Ἰὒγκιά·
1077 914 1228 1004 κράκτης.
1340 989 1343 998 ,

75 1017 178 1080 τοῦτο
199 1011 263 1100 γὰρ
285 1013 381 1102 δηλοῖ
402 1011 439 1081 τὸ
465 1009 575 1094 ἰΰζειν.
609 1017 823 1100 Καλλίμαχος
846 1027 906 1086 eto.
928 1019 981 1096 (cf.
1001 1018 1142 1104 Hesyoh.
1159 1040 1184 1086 0.
1198 1041 1228 1086 u.

15 1177 20 1203 ,
77 1111 184 1195 ἰῧζιι).
221 1117 324 1185 Huius
340 1124 446 1184 autem
461 1118 582 1185 codicis
597 1123 794 1204 praestantia
807 1128 979 1206 propterea
994 1119 1056 1190 hoc
1071 1122 1143 1188 loco
1164 1141 1228 1187 non

15 1208 20 1305 ζ
75 1225 184 1285 tuctur
199 1218 314 1286 scholii
328 1223 475 1306 pretium,
499 1219 586 1302 quod
607 1220 752 1288 ululandi
774 1223 861 1288 notio
882 1243 954 1288 cnm
970 1222 1135 1289 Theocriti
1156 1223 1228 1287 1000

15 1310 20 1369 1
74 1323 245 1388 conciliari
274 1324 400 1407 nequit,
434 1323 490 1404 qui
518 1323 620 1388 solam
648 1323 789 1388 admittit
815 1325 951 1390 alteram
978 1325 1229 1407 explicationem
1279 1327 1281 1332 ’

15 1374 20 1451 Ι
75 1422 168 1500 (Ahr.
183 1423 217 1488 Π
237 1445 269 1508 p.
282 1425 356 1499 290)
379 1420 490 1487 ἰῦκνά·
514 1417 531 1486 ὁ
557 1419 710 1508 σνρικνὴς
731 1419 749 1488 ὃ
773 1421 1015 1510 λιγύφθογγος·
1043 1427 1142 1489 τοῦτο
1164 1422 1227 1510 γὰρ

75 1528 236 1611 σημαίνει
249 1520 287 1588 τὸ
305 1521 424 1610 ἰῦκνής.
449 1523 663 1606 Καλλίμαχος
678 1530 737 1591 etc.
769 1524 904 1590 Videtur
918 1532 1025 1592 autem
1041 1524 1228 1593 deuotione

74 1627 229 1693 uocabuli
251 1622 344 1690 ἰϋκνά
372 1627 413 1693 110
436 1633 506 1692 orta
528 1646 599 1694 0000
620 1627 703 1692 inter
724 1627 951 1710 grammaticos
974 1646 1045 1692 cum
1068 1629 1227 1710 grauitate

14 1789 18 1825 ,
74 1728 219 1812 quadam
233 1732 382 1811 urgentes
404 1729 503 1792 τοῦτο
517 1724 581 1811 γὰρ
597 1731 751 1815 σημαίνει
774 1733 806 1794 01
827 1728 925 1792 τοῦτο
939 1723 1002 1811 γὰρ
1019 1726 1123 1814 δηλοῖ.
1159 1729 1227 1796 Nos

15 1910 18 1919 Ι
73 1851 155 1897 uero
183 1831 217 1895 in
246 1828 436 1895 Callimachi
464 1850 592 1913 quoque
620 1830 710 1913 loco,
738 1849 803 1895 non
830 1831 933 1897 solum
962 1831 996 1896 111
1023 1829 1227 1914 ’111οο011100,

14 1950 18 1971 ·
70 1926 175 1998 ‘clarc
193 1930 237 1998 ad
255 1930 394 1998 fistulam
417 1925 567 1998 canendi’
593 1934 686 2000 unice
709 1951 819 1996 ueram
840 1932 939 1998 fnisse
961 1931 1226 2020 siguificationcm

75 2035 166 2100 illins
187 2034 279 2100 uerbi
302 2052 320 2098 0
342 2032 464 2100 scholio
487 2035 712 2100 concludentes
730 2032 922 2100 Callimachi
943 2034 1155 2116 fragmentum
1177 2053 1226 2100 re·

14 2190 17 2217 ,
74 2137 209 2220 ferimus
223 2135 265 2201 ad
282 2134 457 2219 Cyclopem
479 2142 569 2202 tanta
590 2156 671 2202 uoce
693 2137 726 2201 in
747 2135 841 2201 litore
863 2140 1040 2218 canentem,
1062 2140 1098 2200 ut
1118 2154 1226 2218 repor-

14 2284 16 2297 .
72 2239 215 2304 cutiatur
244 2239 365 2303 sonitus
386 2236 510 2302 Aetnae
538 2239 686 2322 rupitne,
715 2243 750 2302 ut
778 2237 857 2302 dicit
879 2234 1015 2302 Ouidius
1043 2241 1118 2302 met.
1134 2236 1226 2318 XIII,

76 2342 140 2404 785
149 2358 212 2421 sq.:
281 2345 447 2404 senserunt
468 2339 544 2403 toti
566 2339 710 2421 pastoria
731 2337 827 2405 sibila
848 2343 1020 2420 montes,

13 2429 14 2433 ¹
282 2445 448 2506 senscrunt
469 2439 583 2505 undae.

11 2491 15 2646 1
73 2544 145 2626 Ipsi
167 2542 346 2608 cantilenae
360 2540 513 2624 Cyclopis
535 2541 709 2607 attribuere
731 2540 839 2624 placet
860 2560 943 2622 quae
966 2541 1107 2608 seruauit
1121 2539 1226 2610 Choe-

73 2645 200 2710 rohosc.
222 2645 255 2708 in
276 2640 437 2709 Theodos.
459 2662 491 2726 p.
508 2643 612 2726 384,3
643 2645 697 2721 (=
717 2642 822 2709 Bekk.
838 2642 898 2708 An.
921 2663 953 2727 p.
968 2645 1061 2719 1209)
1090 2644 1128 2708 ir.
1144 2649 1224 2710 475:

73 2737 192 2830 ὥσπερ
208 2735 276 2808 dno
292 2745 352 2808 τοῦ
366 2745 468 2830 γῆρας
486 2745 607 2830 (γῆρας)
628 2743 684 2808 καὶ
708 2735 776 2809 ἀπὸ
800 2745 860 2808 τοῦ
882 2743 981 2830 δέρας
1003 2743 1113 2827 δέρος,
1137 2736 1224 2810 οὕτω

11 2925 12 2930 ¹
71 2849 132 2914 καὶ
161 2839 229 2912 ἀπὸ
253 2847 312 2930 τῆς
333 2836 415 2921 {idac
444 2837 596 2927 εὐθείας,
625 2843 661 2924 ἐξ
686 2839 726 2933 ἧς
752 2841 773 2934 ἡ
795 2843 904 2933 γενικὴ
931 2839 1067 2926 ὓδατος,
1095 2849 1223 2930 γίνεται

71 2942 169 3030 ἕδος,
193 2942 239 3024 ὥς
260 2944 355 3031 παρὰ
376 2943 581 3032 Καλλιμάχῳ

239 3047 329 3114 ’ἐστιν
352 3039 431 3124 iidoc
451 3051 505 3115 aci
529 3063 609 3134 γαῖα
630 3051 684 3114 καὶ
709 3041 893 3134 ὂπιήτειρα
915 3047 1062 3131 κάμινος.

67 3147 273 3238 Ὅποήνειρα
289 3153 562 3235 elegantissimum
575 3159 624 3218 est
638 3153 801 3218 inuentum
813 3151 933 3218 Naekii
944 3151 985 3216 de
997 3150 1108 3217 Hecal.
1121 3174 1152 3237 p.
1163 3155 1222 3215 170

71 3276 133 3340 pro
156 3254 273 3320 tradito
296 3245 444 3338 δοτῆρα,
474 3257 531 3336 qui
553 3254 595 3320 de
617 3254 714 3337 figulo
737 3253 845 3335 aliquo
871 3250 954 3318 haec
975 3253 1076 3318 uerba
1103 3255 1223 3338 accipit

71 3360 175 3423 fretus
197 3356 273 3422 Hes.
290 3375 364 3439 opp.
379 3376 410 3420 u.
423 3359 479 3440 613
506 3357 600 3421 aliter
621 3355 694 3435 alii,
717 3373 797 3436 quos
818 3354 957 3419 refutare
979 3355 1012 3419 in
1034 3354 1224 3439 fragmentis

73 3457 323 3542 interpretandis
345 3477 449 3540 neque
472 3476 551 3542 opus
576 3462 704 3522 estnec
725 3455 931 3522 fructuosum.
968 3456 1036 3522 Nos
1058 3458 1222 3524 existima·

73 3581 145 3626 mus
168 3561 215 3626 ibi
236 3557 318 3624 haec
339 3560 438 3624 uerba
460 3579 481 3624 a
502 3555 703 3641 Polyphemo
726 3563 854 3624 cantata
874 3577 961 3643 esso,
988 3559 1044 3626 ubi
1067 3562 1150 3626 antri
1172 3561 1223 3627 sui

72 3661 285 3728 amoenitates
307 3667 524 3742 enumeraret,
555 3661 705 3726 commoti
727 3661 867 3726 maxime
896 3661 987 3727 uerbi
1010 3658 1100 3727 ’ἐστιν
1124 3662 1222 3728 collo-

74 3765 201 3830 catione
230 3763 348 3846 insigni
377 3763 416 3827 cf.
438 3762 574 3829 Γ1110001.
594 3763 656 3846 XI,
674 3767 713 3826 45
726 3783 795 3846 sqq.
839 3763 948 3830 Potuit
976 3782 1053 3828 sane
1081 3761 1222 3845 Cyclops

73 3864 208 3932 Nereidi
223 3865 283 3930 soli
298 3865 379 3930 mari
394 3864 548 3929 adsuetae
563 3865 710 3947 polliceri
725 3866 786 3929 tria
802 3865 962 3930 elementa
982 3869 1132 3928 naturae:
1156 3865 1221 3946 pri-

73 3988 160 4035 mum
183 3985 310 4049 aquarn,
333 3985 429 4049 quam
452 3965 608 4047 imprimis
629 3967 768 4047 amabat,
792 3965 910 4032 deinde
931 3972 1058 4046 terram,
1082 3963 1223 4047 denique

124 4072 243 4126 halpaigcr
255 4073 357 4115 StudIcn.
376 4071 424 4115 vn.
987 4065 1017 4116 18
