2998 4674
475 197 518 254 Dc
535 196 700 268 Polyphemo
718 201 747 254 et
766 199 889 256 Galatea.
1026 251 1030 260 .
1199 201 1261 262 295

104 390 182 438 nare
212 369 355 453 deuitat,
388 376 477 439 amat
493 377 707 454 ‚paroxytono
740 372 794 438 uel
825 373 1131 458 properispomeno,
1164 394 1262 457 quam

105 474 213 556 legem
234 470 288 538 hic
309 477 408 555 poeta
429 473 603 556 numquam
624 472 769 538 uiolauit.
809 471 934 551 Quibus
955 475 1051 540 rebus
1075 494 1147 541 cum
1169 496 1261 544 acce·

105 573 161 640 dat
183 593 289 642 sermo
313 579 346 639 et
367 579 460 639 tenor
481 573 688 657 grandiloqui
715 579 847 657 poetae,
876 594 941 640 non
963 574 1147 642 dubitamus
1169 583 1260 659 quat·

104 681 177 742 tuor
199 672 260 742 hos
281 675 460 741 uersiculos
482 675 673 741 Nonnianae
695 675 886 758 disciplinae
915 677 1045 742 alumno
1073 678 1258 745 attribuere.

104 778 152 843 Ac
167 776 273 862 possit
288 776 447 861 quispiam
467 777 593 861 opinari
614 777 669 860 agi
692 776 733 843 de
748 775 885 843 Galatea
898 775 1093 862 Polyphemi
1114 799 1259 846 amorem

105 878 280 960 ambiente,
299 876 357 943 sed
372 876 502 943 fastidio
518 878 657 960 repulsa,
676 879 781 961 qualis
796 879 904 944 iocose
918 879 1107 963 proponitur
1122 879 1259 948 Theocr.

104 978 150 1044 id.
161 978 225 1060 VI;
248 983 282 1044 at
297 997 369 1044 cum
384 979 590 1062 intellegatur
604 979 776 1046 conubium
790 982 977 1064 legitimum,
1001 979 1089 1063 quod
1106 1000 1147 1047 ex
1163 982 1258 1048 Iuno·

105 1081 155 1146 nis
178 1079 384 1144 inuocatione
405 1078 635 1164 concludimus,
660 1080 863 1148 statuendum
879 1088 964 1150 esset
978 1081 1155 1166 Cyclopem
1176 1083 1258 1150 fruc·

106 1187 173 1248 tum
201 1177 359 1247 Galateae
386 1180 498 1247 fanore
527 1183 688 1266 spreuisse
717 1201 813 1266 quam
840 1185 929 1267 prius
957 1184 1165 1267 deperiisset,
1194 1203 1260 1268 qna

106 1283 148 1349 de
170 1301 206 1348 re
228 1281 359 1347 aliunde
387 1280 469 1346 nihil
497 1284 643 1349 innotuit.
687 1284 802 1366 Itaque
830 1286 930 1352 satius
959 1287 1020 1350 erit
1047 1305 1119 1352 cnm
1143 1285 1258 1354 Iahnio

105 1383 147 1451 de
169 1382 380 1449 mulierculae
402 1384 565 1451 amoribus
585 1383 726 1467 cogitare
742 1385 871 1450 nomine
886 1384 1052 1469 Galateae,
1076 1406 1172 1469 quam
1194 1388 1258 1454 Ne·

106 1485 230 1552 reidem
254 1502 325 1549 esse
340 1483 536 1569 Polyphemi
558 1484 686 1551 demum
709 1504 826 1551 nomen
847 1483 1030 1568 adpositum
1053 1488 1225 1554 euinceret.

191 1586 327 1651 Plenam
349 1591 456 1650 antem
482 1584 578 1678 huius
605 1586 734 1652 fabulae
762 1586 951 1652 memoriam
978 1586 1168 1654 instaurarit
1189 1588 1258 1654 Ni·

105 1694 217 1755 cetas
246 1686 509 1769 hugonianae
518 1738 526 1772 ,
554 1693 653 1772 poeta
674 1687 870 1772 Byzantinus
898 1705 982 1754 saec.
1003 1707 1035 1770 p.
1052 1687 1126 1754 Chr.
1147 1709 1177 1754 n.
1192 1689 1259 1754 XII

9 1869 10 1874 ρ
104 1789 255 1856 exeuntis
284 1787 335 1866 (cf.
358 1787 462 1855 Rohd.
486 1788 527 1856 de
546 1790 610 1855 lah.
631 1790 721 1855 Rom.
743 1809 775 1872 p.
792 1789 851 1852 531
861 1790 936 1872 sq),
971 1789 1023 1854 cui
1045 1807 1080 1856 re
1102 1810 1193 1874 nera,
1224 1788 1258 1856 id

9 1881 10 1970 ζ
103 1885 194 1975 qno'd
209 1889 272 1956 hoc
286 1889 392 1973 capite
408 1890 568 1956 illustrare
583 1893 689 1957 conati
706 1909 824 1972 sumne,
847 1889 1066 1973 Polyphemus
1088 1898 1137 1959 est
1159 1893 1258 1960 canti·

9 2015 13 2054 '.
105 1995 201 2059 lenae
216 1991 393 2057 amatoriae
408 1991 571 2059 sollemnis
586 1998 705 2076 auctor,
730 1992 784 2075 qui
800 1991 919 2058 mulcet
934 1992 1093 2059 cantando
1115 1995 1258 2077 puellam

9 2089 10 2156 r
104 2094 348 2179 superbientem
370 2096 403 2158 et
424 2093 494 2175 ipse
517 2113 594 2160 suae
615 2092 764 2160 fiammae
785 2090 940 2158 medetur.
973 2081 1120 2177 Apparet
1138 2092 1199 2161 hoc
1216 2113 1258 2160 ex

103 2216 147 2264 ea
167 2196 308 2277 ratione,
337 2212 401 2276 qua
423 2192 577 2278 Cyclopis
605 2214 777 2278 personam
805 2193 970 2276 coniungit
997 2212 1070 2258 cum
1099 2193 1157 2260 illa
1187 2213 1259 2262 sen-

9 2299 10 2306 ’
105 2299 208 2364 tentia
229 2295 271 2362 de
294 2300 390 2361 cantu
412 2297 530 2362 amoris
551 2294 695 2361 remedio
717 2294 772 2378 IV,
789 2295 850 2358 379
860 2313 946 2376 sqq:

283 2393 406 2478 ’ἔρωτος
429 2388 525 2460 οὐδὲν
547 2389 629 2459 ἄλλο
653 2392 829 2480 φάρμακον
852 2391 959 2470 ξένον·

282 2488 351 2582 ᾠδὴ
375 2495 412 2561 δέ
433 2519 486 2573 τις
507 2497 562 2562 καὶ
584 2497 695 2579 μοῦσα
717 2495 832 2560 παῦλα
853 2500 920 2560 τῶν
942 2493 1067 2561 πόνων.
1110 2580 1114 2587 ¹

280 2599 482 2686 βεβλημένος
502 2595 565 2684 γὰρ
588 2599 645 2664 καὶ
666 2596 874 2686 Πολύφημος
896 2593 1005 2662 πάλαι

280 2697 318 2766 τὸ
343 2703 478 2785 στέρνον
500 2695 537 2776 ἐξ
549 2693 697 2786 ’Ἑρωτος
720 2691 980 2785 ἆνδρατοξότοο,

280 2798 391 2866 πλατὺ
414 2803 547 2886 τρέφων
568 2797 606 2867 τὸ
632 2803 772 2889 φίλτρον
795 2799 844 2877 εἰς
865 2799 1021 2887 Νηρηΐδα

281 2900 418 2990 ἐφεῦρεν
442 2893 537 2967 οὐδὲν
561 2895 642 2969 ἄλλο
666 2903 843 2990 φάρμακον
865 2900 981 2980 νόσου,

281 2996 370 3090 ᾠδὴν
394 3002 508 3069 δὲκαὶ
531 3002 668 3091 σύριγγα
690 3007 745 3070 καὶ
767 3004 891 3088 θέλμον
912 3002 1013 3085 μέλος

281 3106 338 3170 καὶ
360 3108 488 3190 πέτραν
510 3103 623 3193 ἕδραν,
646 3109 687 3193 τῇ
706 3102 859 3189 θαλάττῃ
883 3102 1118 3189 προσβλέπων.

105 3210 299 3296 Proponitur
321 3209 487 3275 notissima
511 3209 633 3298 imago:
666 3207 885 3292 Polyphemus
913 3207 947 3270 in
973 3204 1107 3287 scopulo
1130 3204 1258 3289 sedens,

104 3312 214 3380 fistula
229 3329 356 3392 canens,
379 3311 413 3374 in
427 3329 516 3376 mare
531 3310 748 3394 prospiciens3
772 3314 869 3390 atque
888 3307 934 3372 ita
950 3306 1172 3372 inueterauere
1194 3308 1257 3374 sin-

105 3415 174 3498 guli
190 3414 323 3494 colores,
347 3417 381 3476 nt
397 3412 494 3476 etiam
510 3429 611 3477 saxea
632 3409 727 3477 sedes
749 3409 875 3475 dicatur
896 3410 1028 3474 inuenta
1050 3425 1121 3474 esse
1143 3409 1184 3474 ab
1209 3429 1258 3493 co,

106 3517 163 3598 qui
185 3514 362 3582 remedium
384 3513 503 3578 amoris
525 3513 649 3577 inuenit
669 3512 834 3576 musicam.
871 3511 912 3576 Et
933 3511 967 3575 in
989 3510 1150 3575 cantilena
1171 3530 1258 3577 ama-

105 3618 190 3682 toria
212 3613 406 3682 celebranda
428 3620 595 3680 uersentur
616 3613 640 3678 ii
662 3632 773 3679 uersus
794 3612 940 3695 Nicetae,
961 3610 1018 3677 ubi
1034 3608 1257 3694 Callidemum,

106 3717 299 3785 Xenocratis
314 3715 425 3800 filium,
449 3715 611 3782 Droslllae
626 3721 661 3780 ut
675 3715 737 3781 sihi
752 3715 860 3781 faueat
877 3714 1111 3798 supplicantem
1134 3711 1259 3780 inducit

106 3820 162 3902 VI,
179 3821 318 3904 501sqq.
363 3817 445 3885 Sues
469 3817 554 3881 enim
576 3817 620 3884 ad
645 3823 754 3902 partes
784 3823 878 3883 uocat
905 3813 1119 3880 inflammatus
1147 3812 1258 3880 adule-

104 3941 200 3988 scens
215 3921 401 4004 Cyclopem,
426 3919 482 4000 qui
497 3918 656 3985 cantando
677 3917 870 3984 deleninerit
891 3916 1099 4000 asperitatem
1120 3921 1258 3999 amatae,
