2998 4674
473 225 515 278 De
532 224 696 294 Polyphemo
715 231 742 280 et
760 226 882 280 Galatea.
1189 226 1249 286 231

102 400 192 482 qnod
218 402 322 483 primo
344 401 426 466 libro
448 400 512 466 iam
535 399 691 466 Galateae
714 400 846 481 eiusque
868 400 928 466 feri
949 401 1099 466 amatoris
1120 401 1251 466 mentio·

101 523 179 568 nem
200 503 329 568 fecerat.
336 505 358 579 1)

648 623 666 696 ξ
688 622 718 684 2.

434 757 490 821 De
513 756 724 822 Theocriti
746 755 919 838 idylliis.

190 895 388 961 Deuenimus
403 893 446 958 ad
463 912 518 959 eos
539 899 663 977 poetas,
685 894 719 958 in
741 893 855 975 quibus
877 913 950 959 cum
971 893 1075 976 gloria
1098 898 1130 958 et
1152 893 1252 958 uirtus

100 998 202 1064 totius
225 998 333 1080 poesis
355 995 594 1061 Alexandrinae
620 998 754 1078 nitatur,
781 1001 848 1060 tum
876 994 971 1062 huius
998 995 1178 1078 argumenti
1205 995 1252 1060 in-

100 1101 206 1183 signis
221 1098 359 1165 dulcedo
374 1099 575 1182 posterisque
589 1104 769 1183 propagata
784 1098 954 1165 celebritas
969 1099 1123 1182 consistit,
1146 1097 1251 1164 Theo-

100 1202 220 1266 critum
242 1208 274 1266 et
295 1200 537 1268 Callimachum.
582 1201 766 1284 Nescimus,
792 1208 862 1267 uter
884 1207 954 1268 utro
976 1200 1038 1268 hae
1060 1202 1093 1266 in
1117 1201 1253 1266 materia

100 1303 272 1369 tractanda
285 1304 381 1369 fuerit
394 1305 491 1389 prior,
515 1324 587 1370 eum
600 1304 753 1386 aequales
768 1304 868 1370 fuisse
889 1303 1071 1369 bucolicum
1094 1311 1126 1370 et
1146 1325 1252 1388 gram-

100 1406 256 1472 maticum
284 1412 417 1472 testetur
445 1405 620 1473 scholiasta
641 1404 776 1471 Theoor.
799 1426 851 1489 ap.
871 1403 949 1470 Ahr.
965 1404 998 1469 ΙΙ
1019 1427 1050 1489 p.
1067 1406 1135 1471 213.
1179 1407 1253 1472 Non

100 1509 240 1572 multum
255 1509 410 1591 iuuamur,
434 1509 520 1594 quod
534 1506 751 1575 Callimachus
767 1508 868 1589 epigr.
881 1509 921 1569 47
937 1527 990 1572 uu.
1006 1512 1076 1589 lsq.
1092 1509 1254 1592 respicere

100 1610 232 1676 uidetur
247 1609 410 1678 Theocriti
425 1612 469 1678 id.
481 1612 539 1695 XI,
562 1610 598 1676 id
613 1609 699 1692 quod
714 1608 852 1675 suadent
866 1608 1023 1693 imprimis
1038 1609 1139 1676 uerba
1156 1610 1252 1676 bucc-

100 1714 160 1778 lici
184 1733 214 1778 u.
229 1717 284 1778 17:
308 1704 393 1776 ἀλλὰ
407 1711 446 1778 τὸ
464 1710 639 1799 φάρμακον
658 1702 749 1796 εὗρε
771 1711 821 1786 (cf.
837 1711 950 1777 Hiller.
966 1712 1009 1777 ad
1023 1710 1055 1776 h.
1067 1712 1102 1790 l.)
1125 1719 1157 1778 et
1177 1712 1252 1777 Bat-

101 1813 214 1880 tiadae
236 1805 430 1900 ἆνεύρετο
453 1812 514 1879 τὰν
530 1811 705 1899 &moeotida
728 1833 923 1898 quamquam
937 1819 1044 1898 potest
1065 1815 1163 1881 alicui
1183 1816 1251 1881 ueri

100 1918 239 1984 similius
261 1917 365 1982 uideri
387 1918 620 1984 Callimachum
640 1939 704 1984 non
726 1916 770 1982 ad
792 1915 957 1982 Theocriti
979 1914 1108 1984 carmen
1133 1917 1252 1984 allusu-

100 2041 175 2086 rum
197 2021 306 2103 fuisse,
329 2021 357 2086 si
373 2022 443 2104 ipse
460 2021 524 2086 iam
537 2026 633 2086 antea
648 2019 786 2086 eundem
808 2018 953 2104 mythum
975 2026 1152 2086 tractasset.
1185 2019 1252 2086 Sci-

100 2143 174 2188 mus
203 2128 310 2188 autem
337 2159 379 2167 —
407 2122 470 2189 hoc
496 2143 601 2207 paene
628 2125 732 2190 solum
761 2129 882 2189 certum
912 2127 962 2188 est
990 2157 1030 2166 -
1059 2121 1252 2187 Callimachi

101 2223 274 2290 Galateam
289 2245 330 2290 ex
346 2226 492 2292 uersibus
508 2224 703 2291 hexametris
719 2225 909 2307 constitisse,
929 2243 992 2306 quo
1007 2229 1109 2289 metro
1123 2230 1251 2309 praeter

102 2326 166 2392 hoc
186 2347 285 2392 unum
308 2327 527 2394 tantummodo
550 2336 702 2410 quantum
726 2347 767 2392 ex
792 2326 979 2410 fragmentis
1009 2326 1118 2410 colligi
1145 2333 1252 2410 potest

3 2468 9 2518 p
102 2431 283 2513 composuit
304 2431 515 2513 poematium,
536 2428 679 2495 Hecalae
701 2423 856 2513 τορευτὸν
878 2424 975 2512 ἔπος,
998 2427 1086 2512 quod
1107 2435 1174 2494 turn
1195 2429 1251 2495 de-

3 2534 4 2547 *
101 2552 191 2597 mum
212 2531 254 2598 ab
277 2552 315 2597 eo
337 2533 458 2598 facturn
486 2551 557 2598 esse
585 2537 723 2615 constat,
754 2551 825 2596 oum
854 2531 1021 2615 elegiacae
1049 2532 1158 2616 poesis
1186 2533 1251 2598 ele-

101 2634 214 2720 gantia
237 2639 270 2698 et
292 2635 445 2700 tenuitate
469 2655 626 2700 summam
654 2635 791 2717 gloriam
820 2633 958 2718 adeptus
986 2635 1251 2702 obtrectatoribus

100 2755 257 2802 nauseam
272 2737 433 2803 mouisset.
471 2735 566 2814 Quod
587 2758 660 2802 oum
682 2738 840 2822 posterius
862 2737 995 2820 aliquod
1015 2737 1102 2802 uitae
1124 2744 1250 2821 tempus

101 2839 248 2905 indicare
270 2838 427 2920 uideatur,
450 2841 547 2904 etiam
568 2839 737 2906 Galateam
766 2840 829 2905 huc
856 2839 1041 2906 referemus.
1086 2838 1250 2905 Theocriti

102 2950 210 3009 autem
224 2941 373 3024 idyllium
387 2940 435 3004 XI
456 2942 706 3009 accuratioribus
728 2943 871 3008 terminis
887 2942 1093 3008 circumcludi
1114 2947 1250 3026 poterat,

102 3047 129 3112 si
154 3043 283 3128 quando
305 3048 402 3127 poeta
424 3043 456 3107 in
479 3041 591 3110 Sicilia
612 3046 725 3110 fuisset
746 3050 914 3110 constaret.
958 3044 1043 3110 Nam
1067 3050 1154 3109 recte
1177 3065 1250 3110 oon-

102 3149 267 3214 cluserunt
288 3145 349 3210 uiri
372 3144 459 3210 docti
482 3164 500 3209 e
522 3147 629 3212 uerbis
651 3147 700 3210 Xl
721 3167 751 3211 u.
766 3149 799 3209 7:
823 3138 1006 3227 ὁΚύκλωψ
1029 3135 1150 3226 ὃπαρ’
1170 3139 1250 3228 ἁμῖν

102 3255 234 3334 poetam
248 3268 321 3313 curn
336 3247 397 3313 hoe
412 3248 565 3314 scriberet
580 3251 613 3312 in
627 3248 740 3314 Sicilia
762 3252 988 3313 commoratum
1010 3267 1090 3331 esse,
1113 3248 1169 3313 ubi
1190 3249 1250 3314 fuit

102 3375 130 3418 a.
146 3354 219 3434 265,
242 3371 314 3417 curn
328 3348 480 3432 hymnum
493 3351 528 3414 in
542 3351 726 3433 Hieronem,
741 3349 1015 3432 Syracusanorum
1029 3370 1149 3434 regem,
1165 3372 1249 3418 oom-

101 3459 247 3540 poneret.
281 3452 415 3518 Videtur
437 3459 544 3519 autern
565 3453 696 3536 propria
716 3452 842 3519 indoles
865 3458 898 3518 et
919 3459 1052 3530 esterna
1074 3474 1172 3520 causa
1193 3475 1249 3522 un-

100 3556 224 3625 decimi
245 3554 351 3638 idyllii
374 3575 502 3640 cogere,
526 3561 561 3620 ut
582 3556 731 3620 iuuenem
753 3555 908 3638 fingamus
930 3555 1137 3623 Theocritum
1160 3557 1249 3637 (adu-

100 3659 314 3727 lescentulum
328 3657 420 3741 fingit
433 3658 698 3724 Wilamowitzins
714 3658 822 3724 Herm.
835 3659 912 3724 xlv
925 3679 958 3743 p.
971 3662 1053 3742 173),
1075 3660 1103 3725 si
1119 3660 1248 3742 quidem

193 3829 216 3891 1)
234 3827 324 3882 Etiam
342 3825 438 3879 ceteris
455 3825 537 3892 locis,
559 3826 608 3880 ubi
629 3825 775 3881 secundam
796 3825 909 3880 adhibet
929 3841 1072 3894 personam
1094 3840 1140 3878 uu.
1154 3829 1195 3877 49.
1207 3829 1248 3889 75,

101 3911 171 3967 talia
188 3911 321 3978 siguificat
338 3909 474 3973 carmina,
498 3925 567 3976 quae
589 3911 635 3966 illo
657 3917 779 3980 tompore
801 3911 929 3966 uidentur
946 3911 1067 3965 eruditoe
1090 3908 1198 3978 puellae
1219 3909 1248 3963 in

101 3997 228 4052 lectionis
246 3995 346 4051 deliciis
363 3995 504 4060 habuisse,
522 3995 616 4050 Alcaei
633 4002 660 4050 et
677 3997 805 4052 Philotae.
