3028 4672
289 268 351 326 144
652 271 784 340 Georgius
801 271 937 328 Ricardus
955 272 1077 328 Hollond

289 465 351 530 que
366 443 694 530 praetermittendum,
718 444 805 528 quod
820 447 924 512 solent
939 445 1100 530 Cyclopes
1116 466 1188 513 cum
1203 447 1310 514 Ulixis
1325 447 1446 517 tabulis

290 547 451 630 coniungi,
475 566 572 631 quem
592 566 658 613 non
680 547 784 613 minus
806 548 915 631 poesis
931 546 1076 614 Graecae
1099 567 1195 630 quam
1209 549 1343 614 Troiani
1365 549 1447 616 belli

288 647 420 715 heroem
442 655 498 715 tuo
520 649 590 714 iure
612 648 744 714 dixeris.
788 647 896 718 Unum
918 668 995 716 uero
1017 650 1220 733 potissimum
1241 655 1359 734 poetae
1381 651 1446 717 sibi

290 770 307 817 e
330 750 510 834 Cyclopum
531 769 663 816 numero
686 750 861 834 elegerunt,
885 751 1004 834 inquo
1027 752 1125 818 totius
1147 752 1253 836 gentis
1275 759 1383 819 mores
1406 773 1446 820 ao

287 858 434 918 natuuam
450 845 543 935 quasi
557 871 621 918 uno
636 857 810 936 conspectu
825 857 1113 936 repraesentarent,
1136 872 1232 936 quem
1253 872 1318 919 non
1340 854 1446 919 solum

288 955 321 1020 in
343 954 546 1037 antiquarum
574 953 755 1020 fabularum
782 954 860 1021 orbe
888 959 1099 1020 retractarent
1126 959 1224 1037 atque
1253 956 1445 1039 recolerent,

288 1054 347 1123 sed
368 1074 464 1138 quem
485 1056 578 1121 nouis
599 1055 717 1122 fabulis
740 1056 907 1141 implicare
929 1061 1026 1138 atque
1050 1056 1083 1120 in
1104 1057 1268 1121 uariarum
1289 1075 1444 1139 persona·

287 1177 358 1223 rum
380 1155 645 1222 consuetudinem
665 1158 783 1223 inferre
805 1176 961 1242 perquam
982 1156 1189 1239 adamarent,
1212 1176 1276 1240 quo
1300 1158 1444 1225 crebrius

288 1260 395 1324 tritam
416 1259 589 1340 imaginem
611 1259 704 1324 nouis
727 1259 887 1324 coloribus
909 1258 1107 1342 interpolare
1135 1258 1256 1324 liceret.
1301 1259 1443 1344 (lyclops

288 1361 374 1427 enim
395 1351 471 1423 κατ’
497 1355 610 1445 ἐξοχήν
637 1365 818 1444 portulam
841 1358 1037 1426 Graecarum
1066 1365 1097 1425 et
1119 1361 1336 1426 Romanarum
1358 1363 1444 1428 litte-

288 1482 394 1528 rarum
410 1462 597 1527 memoriam
612 1466 661 1528 est
675 1459 948 1545 Polyphemus
971 1463 1043 1547 ipsc
1063 1463 1192 1527 nomine
1205 1463 1227 1540 ¹)
1249 1462 1292 1528 ad
1313 1465 1443 1548 peruul-

287 1570 397 1648 gatam
418 1564 538 1629 famam
560 1568 736 1648 spectante,
759 1561 845 1629 filius
860 1563 1003 1646 Neptuni
1019 1569 1051 1629 et
1064 1561 1216 1629 Thoosae
1230 1562 1397 1648 nymphae
1408 1567 1443 1648 2),

287 1665 321 1732 id
344 1665 432 1750 quod
453 1664 709 1731 testimoniorum
731 1663 937 1730 multitudine
964 1664 1126 1730 illustrare
1149 1685 1214 1730 non
1236 1663 1371 1731 difficile
1395 1672 1444 1731 est

287 1769 473 1849 (Benselero
496 1787 521 1832 s.
537 1787 567 1831 u.
584 1763 734 1849 Κύκλωψ
756 1769 899 1842 auctore)
926 1766 965 1832 ci.
988 1765 1048 1832 Od.
1065 1767 1277 1849 XXHI,312;
1307 1766 1442 1851 inscrip-

286 1872 390 1935 tiones
411 1867 592 1933 fabularum
607 1865 795 1951 Epicharmi
817 1871 849 1932 et
867 1867 1042 1951 Euripidis,
1066 1869 1243 1934 carminum
1257 1865 1442 1951 Philoxeni,

287 1967 461 2052 Timothei,
481 1966 662 2052 Theocriti3
686 1969 759 2034 Eur.
773 1967 892 2034 Troad.
906 1971 984 2052 4373
1008 1969 1145 2035 Demad.
1158 1969 1191 2036 in
1202 1969 1346 2035 Demetr.
1360 1970 1441 2035 eloc.

287 2075 366 2155 2843
398 2071 481 2136 Plut.
505 2075 627 2151 quaest.
649 2087 754 2152 symp.
776 2070 806 2152 1,
823 2075 851 2134 5.
883 2068 952 2135 (lat.
969 2073 998 2135 9.
1029 2069 1123 2137 Galb.
1139 2075 1171 2154 13
1207 2071 1339 2136 Lucian.
1363 2071 1441 2137 dial.

286 2173 393 2240 manI
408 2193 435 2238 c.
448 2177 477 2256 5,
492 2172 534 2236 ΙΙ.
557 2170 741 2254 catapl.14;
764 2172 860 2237 Paus.
872 2171 914 2254 X,
927 2174 978 2255 22,
988 2176 1022 2253 7;
1044 2171 1197 2257 Polyaen.
1210 2175 1299 2258 1,10;
1321 2172 1440 2239 Athen.

285 2277 301 2341 Ι
322 2297 354 2360 p.
370 2279 408 2339 19
420 2275 458 2357 l.;
490 2271 597 2350 Quint.
614 2271 741 2358 Smyrn.
753 2273 840 2354 VIII,
856 2275 932 2357 126;
963 2271 1064 2339 schol.
1076 2273 1213 2341 Theocr.
1230 2275 1288 2357 XI,
1303 2279 1338 2356 15
1367 2276 1441 2340 Nic.

286 2378 366 2460 llug.
379 2376 434 2460 VI,
451 2377 523 2439 503.
540 2379 612 2439 517.
630 2376 701 2439 527.
719 2379 797 2458 545,
826 2374 937 2440 Horat.
953 2381 1012 2441 sat.
1027 2375 1053 2458 I,
1070 2380 1099 2458 5,
1116 2377 1166 2440 63.
1191 2394 1240 2459 ep.
1256 2376 1298 2458 H,
1315 2378 1440 2460 2,125;

286 2479 356 2543 Val.
368 2478 417 2542 Pl.
429 2477 455 2559 Ι,
467 2478 526 2540 136
538 2477 580 2541 al.
610 2476 737 2541 Primus
752 2482 860 2542 autem
875 2477 1003 2542 induxit
1017 2475 1254 2561 Polyphemum
1268 2476 1440 2561 Homerus,

286 2580 376 2645 cuius
404 2577 543 2660 uestigia
571 2578 673 2643 secuti
701 2575 777 2642 huic
805 2577 1008 2660 potissimum
1037 2576 1216 2663 Cyclopum
1242 2580 1355 2662 generi
1385 2600 1440 2645 cx-

286 2680 421 2746 colendo
449 2679 571 2763 posteri
594 2697 725 2762 operam
746 2684 918 2761 nauarunt,
949 2677 1026 2743 dum
1050 2681 1181 2745 nomina
1202 2679 1367 2746 Hesiodea
1390 2702 1440 2746 re·

286 2781 404 2848 cedunt
411 2831 419 2864 ,
451 2799 534 2863 quae
565 2779 697 2846 confusa
724 2786 797 2846 sunt
824 2780 1012 2849 recentioris
1039 2782 1113 2846 aeui
1141 2779 1306 2858 socordia,
1336 2784 1441 2848 ueluti

285 2885 418 2951 Nonnus
442 2879 585 2948 confudit
606 2882 741 2963 Dionys.
757 2881 845 2966 XIV,
859 2883 899 2944 52
912 2900 997 2964 sqq„
1021 2883 1077 2964 qui
1098 2881 1333 2966 Polyphemum
1355 2883 1441 2949 inter

286 2987 442 3068 Bronten,
471 2982 646 3067 Steropen,
675 2983 799 3067 Argen,
828 2983 912 3049 alios
933 2990 1107 3049 enumerat.
1151 2984 1220 3050 Nos
1242 2983 1440 3068 Polyphemi

284 3108 456 3173 personam
478 3087 544 3151 iam
565 3085 745 3151 accuratius
768 3104 996 3168 persequemur
1018 3083 1093 3150 inde
1116 3084 1157 3150 ab
1174 3085 1308 3151 Homeri
1330 3093 1439 3153 aetate

285 3187 438 3255 historico
462 3187 573 3254 ordine
595 3187 646 3252 usi
667 3204 768 3268 usque
791 3185 833 3252 ad
856 3187 891 3251 id
913 3192 1057 3270 tempus,
1088 3205 1151 3269 quo
1173 3185 1275 3252 libere
1297 3193 1438 3255 mactare

285 3295 474 3372 argumenta
494 3288 686 3356 desinebant
706 3288 941 3355 uersificatcres
951 3290 984 3363 ³).

372 3475 396 3536 l)
412 3469 456 3524 De
473 3471 632 3540 etymologia
648 3471 811 3526 assentimur
827 3470 944 3526 Lehrsio
957 3470 1133 3538 (hristaroh.²
1149 3487 1176 3540 p.
1187 3474 1237 3524 460
1247 3477 1324 3542 not),
1343 3475 1391 3544 qui
1408 3475 1437 3530 iu

284 3555 372 3609 altera
389 3553 504 3608 nominis
521 3557 600 3623 purte
617 3569 712 3609 uocem
731 3553 805 3624 φήμη
822 3556 912 3611 inesse
932 3561 1007 3610 recte
1025 3556 1161 3622 cognouit.

371 3643 396 3705 2)
415 3638 454 3692 (ll.
474 3636 553 3692 Hom.
565 3637 615 3694 Od.
625 3639 647 3703 Ι,
658 3643 690 3692 10
699 3654 774 3709 sqq.;
791 3639 876 3696 schol.
888 3640 937 3696 Od.
948 3639 997 3705 IX,
1009 3644 1066 3694 106.
1078 3644 1136 3695 311.

371 3725 397 3790 3)
415 3721 520 3778 Similes
537 3723 643 3779 fabulas
660 3723 689 3777 in
706 3723 821 3779 aliarum
837 3725 957 3791 gentium
978 3724 1149 3793 mythologiis
1167 3725 1263 3780 obuias
1282 3725 1391 3795 collegit
1408 3734 1437 3782 et

282 3808 431 3865 illustrauit
442 3806 515 3862 (lull.
526 3807 628 3862 Grimm
640 3823 735 3862 comm.
746 3810 822 3865 acad.
838 3809 927 3864 Berol.
941 3813 1015 3873 1851,
1033 3808 1077 3863 cui
1089 3825 1177 3880 nuper
1188 3809 1306 3866 accessit
1318 3810 1366 3866 Kr.
1377 3811 1435 3882 Ny-

283 3910 347 3964 rop:
366 3893 467 3962 Sagnet
484 3907 528 3948 om
546 3892 683 3962 Odysseus
701 3908 735 3961 og
751 3892 912 3963 Polyphem‚
931 3893 1100 3950 Kobenhavn
1111 3899 1185 3950 1881.
