3028 4672
455 268 498 322 De
515 268 682 339 Polyphemo
699 276 727 325 et
745 272 870 329 Galatea.
1179 280 1238 339 193

19 445 34 504 c
85 439 164 506 dere
184 437 322 522 studeat,
345 440 492 522 quamuis
515 461 633 525 magna
655 442 704 507 illi
727 443 834 510 officia
854 445 1055 528 polliceatur.
1093 449 1162 515 Iam
1185 470 1238 517 ex·

19 571 21 602 r
85 542 263 608 scribamus
285 539 369 606 hano
391 542 549 625 epistulae
571 549 697 626 partem
721 563 762 609 ex
784 545 943 613 Hercheri
965 546 1124 615 editione:

23 673 28 707 1
165 631 345 717 Ὀδυσσεὺς
367 638 488 706 ἐπειθε
504 637 564 707 τδν
578 642 786 768 Πολύφημον
802 639 1036 733 διαφεῖναι’
998 644 1100 713 αυτδν
1123 647 1158 715 ἐκ
1179 654 1240 717 τοῦ

18 773 34 830 31.
84 737 296 831 σπηλαίουἉ
299 741 379 831 γόης
400 740 464 829 γάρ
482 741 561 826 εἰμι,
584 743 694 810 καλ’
664 769 712 822 εις
734 743 849 830 καιρὸν
874 742 914 813 όν
937 769 992 815 σοι
1014 755 1158 838 παρείην
1181 744 1240 819 οδκ

83 836 274 926 εὐτυχοῦντι
300 842 343 909 τά
372 843 421 920 εἰς
449 841 508 909 τόν
535 844 767 913 θαλάττιον”
749 870 867 931 ερωτα.
905 839 1022 914 όιλλΗ
1007 849 1070 934 εγιό
1100 875 1154 917 τοι
1182 854 1239 919 καὶ

21 977 34 1017 r,
82 943 220 1032 ἐπῳδάς
242 941 319 1012 ολδα
340 946 397 1012 καὶ
417 944 646 1029 καταδέσμους
667 945 761 1014 καλ’
747 947 907 1070 ερωτικάς
931 949 1205 1035 κατανάγκαςμν
1185 953 1239 1031 αςλ

81 1039 141 1112 οὒκ
164 1045 253 1123 εἰκδς
279 1039 444 1129 ἀντισχεῖν
468 1039 545 1112 0666
573 1045 660 1134 πρὸς
687 1046 791 1136 βραχὺ
819 1048 879 1136 τὴν
889 1049 1098 1119 Γαλάτειαν.
1135 1052 1238 1137 μόνον

18 1181 29 1222 57
79 1144 258 1236 ὑπόστηθι
286 1145 326 1214 σδ
352 1147 413 1234 τὴν
434 1140 587 1268 θόραν’
568 1171 790 1270 αποκινησαι,
819 1152 947 1234 μᾶλλον
970 1152 1068 1220 δὲ
1033 1178 1091 1220 τον
1113 1153 1239 1278 θυρεὸν

23 1289 26 1322 ;
78 1253 215 1316 τοῦτον·
239 1249 313 1333 ἐμοὶ
335 1249 396 1334 μὲν
417 1246 480 1336 γάρ
502 1241 599 1316 καλ’
582 1274 787 1372 ακρωτηριον
803 1247 889 1319 εἶναι
912 1258 1080 1341 φαίνεται.
1114 1253 1177 1341 ἐγώ
1202 1256 1238 1322 δὲ

79 1350 238 1437 ἐπανήξω
260 1372 314 1418 σοι
337 1353 466 1417 θάττον
488 1377 508 1438 η
493 1339 643 1470 ”λόγος,
665 1350 726 1438 τὴν
740 1352 850 1419 παῖδα
870 1355 1167 1442 κατεργασάμενος.
1205 1365 1239 1425 τί

15 1487 25 1527 s:
79 1454 166 1538 λέγω
185 1451 490 1540 κατεργασάμενος,·
513 1444 615 1538 αάτὴν
631 1446 792 1577 ἓκείνηη’
775 1458 945 1542 αποφανυλ
961 1476 1016 1522 σοι
1032 1455 1128 1545 δεῦρο
1151 1461 1237 1526 πολ-

15 1571 23 1629 73
78 1555 155 1631 λαῑς
177 1553 264 1639 ἰὐγξι
287 1558 463 1676 γενομένην
485 1546 669 1640 άγιόγιμον,
699 1555 755 1618 καὶ
784 1553 940 1640 δεήσεταί
969 1578 1029 1622 σου
1058 1554 1162 1624 uol'
1145 1585 1238 1628 αντι-

15 1694 26 1733 2.
76 1654 233 1742 βολήσει,
265 1653 305 1721 66
329 1647 405 1721 δὲ’
387 1680 482 1742 ακκιη
505 1656 561 1721 καὶ
589 1653 841 1743 κατειρωνεόση.
879 1649 966 1744 άτάρ
994 1659 1118 1740 μεταξύ
1139 1665 1183 1744 μέ
1203 1687 1238 1729 τι

15 1771 25 1835 32
76 1758 133 1822 καὶ
156 1759 308 1823 τοιοῦτον
324 1755 457 1843 ἐ’θραξε,
480 1753 525 1843 μὴ
548 1757 615 1821 τῶν
636 1756 720 1823 κινδί
707 1763 767 1823 lov
789 1753 807 1823 6
830 1757 955 1844 γράσος
977 1751 1081 1848 ἀηδὴς
1102 1766 1238 1881 γένηται

75 1857 159 1944 κόρη
184 1857 344 1946 τρυφιόση
366 1860 423 1925 καλ
445 1858 598 1982 λοημένῃ
611 1860 671 1944 τῆς
699 1853 824 1945 ημέρας
852 1853 1023 1939 πολλάκις.
1055 1850 1217 1930 καλδν
1179 1889 1238 1931 ουν

13 1995 20 2038 5
75 1959 106 2032 εἰ
129 1958 246 2026 πάντα
268 1952 454 2046 εδθετήσας
484 1953 696 2047 ἓκκορήσειάς
717 1984 754 2025 τε
775 1962 832 2026 καὶ
855 1958 1027 2041 ἓκπλυνεῑς
1048 1966 1106 2031 καὶ
1134 1963 1235 2032 ἐνθυ-

13 2082 18 2141 ξ,
73 2060 236 2146 μιάσειας
250 2085 288 2127 το
276 2059 533 2144 δωμάτιον·”
516 2085 565 2126 ετι
581 2059 617 2126 δὲ
631 2059 777 2142 κάλλιον,
802 2061 832 2129 εἰ
847 2064 902 2129 καὶ
919 2063 1106 2147 στεφάνους
1123 2089 1235 2152 παρα-

18 2215 20 2220 .
74 2161 258 2229 σκευάσαιο
273 2166 386 2229 κιττοῦ
406 2186 443 2228 τε
464 2162 520 2227 καὶ
544 2163 713 2244 σμίλακος,
738 2162 789 2239 οἷς
812 2184 934 2229 σαυτον
948 2188 986 2228 τε
1007 2167 1062 2230 καλ
1085 2163 1127 2230 τά
1150 2193 1235 2234 παι-

12 2306 20 2346 3.
74 2263 153 2332 δικὰ
171 2257 366 2364 άναδησαιο.
401 2256 542 2329 άλλάί
506 2269 542 2329 τί
564 2262 747 2348 διατρίβεις
769 2266 825 2330 καὶ
848 2256 905 2330 οὐκ
928 2262 1083 2353 ἐγχειρεῖς
1105 2261 1167 2355 ἤδη
1191 2269 1235 2354 τῇ

72 2358 199 2454 6696,-
219 2363 307 2452 πρὸς
322 2351 379 2432 οὖν
393 2367 499 2431 ταῦτα
515 2389 532 2430 ο
522 2359 759 2451 κΠολύφημος
781 2363 977 2450 δξεκάγχασέ
997 2390 1034 2432 τε
1055 2358 1136 2433 ὅσον
1159 2366 1234 2435 666-

13 2525 16 2528 .
73 2491 158 2535 νατο
173 2471 329 2553 μέγιστον
343 2493 400 2533 και
414 2491 460 2532 τω
473 2480 564 2553 χειρε
579 2464 744 2554 ἐκροτησε
775 2461 942 2550 καλόμὲν
953 2460 1176 2547 Οδυσσευς
1147 2495 1232 2556 φετο

12 2613 13 2618 1
73 2563 180 2636 αὐτὸν
202 2564 269 2634 ὑπὸ
291 2572 458 2655 χαρμονῆς
481 2562 539 2635 οὐκ
562 2567 647 2650 ἔχειν
675 2595 692 2635 ο
715 2593 750 2636 τι
772 2566 880 2654 δαητφ
905 2567 1085 2656 χρήσαιτο,
1115 2574 1232 2639 κατελ-

12 2731 14 2737 ,
72 2678 227 2740 πίσαντα
250 2672 317 2736 τῶν
339 2670 506 2737 παιδικῶν
528 2675 769 2758 περιέσεσθαι·
787 2664 917 2736 666‘
899 2670 1142 2757 υπογενειάσας
1172 2667 1232 2741 66-

72 2773 145 2855 τόν,
173 2757 340 2852 “ω’οὗτι’,
365 2795 445 2860 εφη,
465 2765 680 2860 ςδριμότατον
702 2772 763 2857 μὲν
787 2764 1122 2859 άνθρώπιονόοικας
1144 2771 1232 2844 εἶναι

72 2901 131 2942 και
119 2871 514 2960 ἐγκατατετριμμένον’
500 2897 534 2939 εν
548 2873 753 2960 πράγμασιν.
783 2867 864 2940 άλλο
883 2878 998 2957 μέντοι
1012 2899 1047 2940 τι
1060 2880 1124 2941 ποί
1111 2876 1231 2942 ί·κιλλε

73 2974 269 3043 ἐνθένδε
232 2999 294 3063 γαρ
318 2969 375 3042 οόκ
398 2968 632 3060 άποδράσεις’.
667 3001 684 3042 ο
674 2961 828 3059 ‘psl
791 3000 848 3043 ουν
865 2967 1044 3051 Ὀδυσσεύς
1072 2968 1230 3061 (ἠδικεῖτο

71 3077 138 3164 γάρ
154 3073 269 3158 ὅντως)
293 3076 428 3160 ἐ’μελλεν
444 3072 509 3164 όρα
524 3080 584 3164 τῆς
598 3082 805 3163 πανουργίας
826 3069 1023 3162 όνήσεσθαι,
1047 3073 1085 3141 σλ
1107 3074 1142 3141 δὲ
1161 3074 1231 3142 Κό-

72 3182 196 3246 κλωπα
217 3179 277 3263 μὲν
295 3174 376 3246 όντα
397 3181 437 3266 τῇ
456 3178 573 3266 τόλμῃ,
596 3184 745 3266 Σίσυφον
768 3176 804 3243 δὲ
826 3189 898 3252 τοῖς
920 3173 1132 3261 ἐγχειρήμασι
1155 3176 1228 3265 δίκη

72 3282 224 3368 μετῆλθε
247 3289 279 3348 et
294 3304 324 3366 q.
341 3303 365 3350 s.

12 3451 14 3458 s
161 3384 287 3450 Primus
309 3385 445 3450 fructum
468 3402 508 3448 ex
531 3381 593 3448 hac
622 3381 761 3465 epistula
788 3380 832 3446 ad
861 3381 1092 3448 accuratiorem
1121 3381 1228 3466 dithy-

12 3527 13 3536 1
74 3485 178 3551 rambi
200 3484 386 3552 Philoxenii
415 3485 582 3551 scientiam
611 3482 858 3566 comparandam
887 3483 1033 3567 percepit
1054 3481 1130 3549 Otto
1152 3484 1229 3550 Rib-

73 3586 169 3669 beck,
193 3587 248 3669 qui
271 3585 332 3652 hoc
353 3586 407 3653 filo
431 3573 544 3652 ductus
567 3585 600 3649 in
623 3584 892 3650 commentatione
914 3583 956 3649 de
978 3583 1103 3668 idylliis
1121 3583 1227 3652 Theo·

12 3733 13 3746 .
75 3688 147 3752 criti
176 3707 248 3752 ann.
270 3687 398 3754 Boruss.
422 3688 486 3753 uol.
501 3685 633 3750 XXXII
655 3705 683 3750 a.
700 3687 781 3752 1873
804 3706 835 3770 p.
849 3687 977 3750 59-98
1005 3685 1127 3751 inserta
1154 3685 1227 3751 dra·

73 3789 170 3855 matis
199 3789 370 3872 genuinam
397 3787 533 3854 formam
565 3787 770 3854 adumbrauit
797 3807 838 3853 ex
852 3781 1013 3855 'instituto
1042 3805 1100 3852 suo
1130 3783 1225 3850 docto

73 3897 233 3975 apparatu
250 3890 368 3956 omisso
382 3889 485 3955 multa
498 3889 671 3956 ostendens
685 3889 789 3972 magis
812 3909 909 3972 quam
932 3886 1118 3971 singillatim
1140 3903 1225 3950 com-

73 3993 225 4077 probans.
263 3989 490 4069 Quaerendum
511 3996 577 4073 est,
600 3990 711 4072 quanti
733 3990 969 4066 aestimandum
991 3989 1033 4053 sit
1054 3985 1134 4050 illud
1157 3987 1226 4069 epi·

124 4097 243 4152 nerpsrgor
255 4097 357 4142 erueres.
376 4096 424 4142 um
989 4087 1019 4138 13
