3028 4672
271 239 331 302 182
634 235 765 304 Georgius
783 233 918 290 Ricmdus
935 233 1053 290 Hollaud

266 411 365 481 cohat
385 408 442 474 καὶ
452 398 629 484 Ὀδυσσεὺς
644 399 791 472 ὤπασεν.
825 407 1010 474 Subiectum
1024 408 1109 474 enim
1126 414 1178 474 est
1194 409 1300 494 Maro,
1324 432 1344 476 a
1366 432 1424 495 quo

268 515 353 581 dono
368 515 538 594 acceperat
556 511 666 576 uinum
687 509 769 575 illud
783 510 907 593 Ulixes,
929 528 1034 591 neque
1056 509 1098 575 de
1119 510 1189 576 alio
1213 512 1250 576 in
1265 513 1423 580 Timothei

268 615 414 682 uersibus
436 610 642 696 cogitandum
665 611 733 692 erit,
757 613 843 695 quod
861 613 1034 696 Bippartus
1057 611 1224 678 intellexit
1246 634 1280 698 p.
1295 618 1347 698 71,
1370 616 1424 681 etsi

269 717 323 784 hic
338 716 469 783 Ulixem
491 714 557 780 illis
579 713 726 781 uersibus
740 712 829 796 apud
843 713 1018 779 Homerum
1040 713 1211 796 egregium
1233 715 1349 780 uinum
1363 716 1424 781 Ma·

268 820 355 885 ronis
378 816 512 900 Cyclopi
535 814 759 882 commendare
783 813 865 880 falso
888 813 976 880 dicit.
1020 813 1118 898 Apud
1140 814 1357 883 Timotheum
1385 817 1424 883 ad

268 920 353 986 huno
374 919 470 984 finem
492 916 622 983 Ulixem
651 916 725 981 illos
749 934 861 981 uersus
890 916 1050 981 elocutum
1078 934 1149 981 esse
1183 915 1327 992 libenter
1355 938 1424 984 oon·

268 1020 422 1102 cedimus,
444 1018 506 1083 nisi
527 1017 609 1082 forte
631 1017 770 1102 simplex
791 1016 932 1082 narratio
947 1015 1154 1100 agnoscenda
1171 1018 1245 1084 erit.
1281 1019 1423 1086 Alterum

268 1123 481 1205 fragmentum
509 1118 557 1194 (fr.
570 1121 601 1197 4)
625 1116 796 1204 Chrysipp.
820 1117 899 1202 περὶ
922 1108 1144 1204 ἀποφατικῶν
1168 1138 1197 1185 ο.
1215 1124 1274 1185 10:
1307 1119 1337 1185 εἰ
1359 1117 1422 1184 Κύ-

268 1222 367 1304 κλωψ
389 1214 406 1285 ὃ
430 1221 490 1283 τοῦ
516 1220 688 1300 Τιμοθέου
710 1215 797 1304 τορός
819 1241 894 1283 τινα
917 1209 1023 1293 οὕτως
1045 1209 1250 1305 ἀπεφήνατο

516 1314 609 1385 οὗτοι
629 1317 687 1384 τόν
708 1310 741 1402 γ’
767 1313 1046 1404 ὖττεραμττέχοντα

516 1418 655 1508 οὐρανὸν
678 1419 905 1506 εἰσαναβήσει,

270 1526 356 1611 quod
379 1546 435 1592 eur
456 1526 563 1609 priore
591 1526 663 1591 loco
690 1525 834 1608 posuerit
855 1523 1014 1607 Bergkius
1041 1525 1223 1610 nescimus,
1253 1523 1418 1610 posteriori

269 1629 419 1695 carminis
441 1629 526 1711 parti
547 1625 781 1710 adsignandum
804 1630 852 1691 est
874 1625 1093 1709 probabiliter,
1116 1645 1183 1691 non
1201 1633 1292 1693 certo
1315 1627 1418 1709 aBip·

268 1737 361 1814 parto
390 1751 422 1814 p.
439 1732 479 1792 72
513 1730 560 1795 sio
588 1728 801 1810 explicatum,
832 1733 869 1792 ut
897 1727 1037 1810 cyclops
1068 1735 1265 1795 occaecatus
1295 1728 1417 1795 Ulixem

269 1851 327 1914 per
349 1837 475 1894 antrum
498 1849 654 1912 quaerens
676 1830 851 1894 minaretur
871 1830 982 1910 utique
1003 1847 1039 1894 se
1061 1828 1153 1893 illum
1176 1847 1416 1914 apprensurum

270 1951 343 1998 cum
360 1931 417 1996 uix
436 1931 470 1995 in
493 1929 617 1996 caelum
631 1949 819 1996 ascensurus
835 1936 928 1996 esset.
964 1929 1016 1994 Ex
1036 1928 1180 1995 incertae
1204 1937 1316 1996 autem
1337 1927 1415 1995 sedis

269 2032 454 2117 fragmentis
486 2051 551 2097 non
587 2031 656 2097 sine
692 2031 800 2114 specie
837 2032 906 2098 ueri
939 2031 1127 2098 arcessitum
1162 2038 1213 2098 est
1247 2033 1353 2116 Utym.
1378 2029 1413 2094 ll.

269 2157 301 2222 p.
315 2137 435 2219 enom
462 2133 571 2210 tert:

516 2237 694 2318 τεταμένον
717 2227 855 2322 opiparor
878 2231 935 2299 διὰ
956 2233 1181 2318 μοελοτρεφῆ,
1486 2229 1487 2324 l

271 2341 326 2422 qni
355 2357 466 2404 uersus
494 2337 536 2403 de
563 2337 706 2424 Uyolope
737 2359 796 2423 per
828 2338 1015 2423 speluncam
1048 2340 1147 2403 strato
1180 2332 1412 2420 intellegendus

270 2439 406 2522 uidetur,
428 2458 488 2504 nec
509 2445 617 2506 temen
639 2446 674 2507 ut
696 2442 827 2524 origano
849 2445 974 2506 antrum
997 2443 1142 2505 ornatum
1165 2439 1218 2523 sit,
1242 2437 1358 2504 sedet
1377 2465 1412 2479 -

270 2540 418 2623 Bipparti
447 2560 477 2624 p.
497 2543 535 2604 73
566 2542 748 2624 opinionem
778 2544 1011 2624 sequimur-
1041 2563 1079 2626 ορ
1082 2543 1181 2623 lycco
1210 2533 1412 2622 pectorosos]

270 2640 505 2725 dithyrambico
520 2647 643 2709 tumore
659 2643 883 2726 significent
852 2662 962 2707 uinum
978 2643 1193 2727 organitum(
1180 2645 1234 2722 (cf.
1251 2641 1361 2709 (laton.
1377 2635 1412 2701 de

270 2763 341 2827 agri
331 2743 430 2808 cult.
446 2763 472 2809 c
488 2746 546 2807 127
549 2746 612 2828 ,2,)
636 2745 725 2810 ouius
747 2746 780 2809 ni
802 2749 996 2827 prostratum
1016 2741 1269 2825 τανυσσάμενον
1285 2738 1341 2807 διὰ
1355 2761 1410 2821 μη·

272 2845 338 2910 λων
360 2845 465 2924 (Hom
481 2843 541 2911 Od.
557 2846 615 2931 IX,
628 2846 702 2923 298)
725 2846 838 2912 Ulixes
859 2846 932 2912 uisu
953 2847 1134 2929 priuatorus
1157 2852 1237 2913 erat.

355 2948 404 3013 Ac
422 2948 557 3015 fortasse
572 2947 713 3031 Bergkio
728 2968 750 3013 u
751 2949 924 3014 tumbrem
938 2947 1073 3014 alicuius
1093 2947 1134 3013 de
1154 2947 1217 3016 hoo
1239 2946 1410 3029 fragmento

271 3051 446 3118 testimonii
467 3052 672 3117 resuscitaret
694 3051 836 3134 contigit.
881 3051 1062 3134 Apponitur
1090 3050 1175 3115 enim
1202 3065 1356 3134 peruerse
1384 3043 1412 3106 in

271 3153 375 3235 Utym.
391 3151 433 3216 M.
448 3144 642 3230 Ὀδυσσείας
660 3149 704 3237 δ’,
726 3152 812 3219 unde
833 3153 889 3218 ille
911 3153 1071 3219 nonnullis
1094 3152 1261 3219 codicibus
1284 3142 1410 3217 fauenti·

270 3255 331 3319 bus
354 3254 497 3319 edolauit
514 3246 676 3320 Ὀδυσσεῖ.
720 3255 769 3322 Ac
790 3273 958 3338 possumus
980 3254 1065 3319 ultra
1084 3253 1246 3337 progredi.
1292 3247 1409 3316 Etenim

273 3375 346 3422 cum
367 3353 484 3421 Suidas
506 3376 531 3423 s.
544 3376 574 3422 u.
594 3354 765 3439 Τιμόθεος
787 3377 804 3417 c
825 3356 951 3422 titulum
972 3356 1122 3422 carminis
1144 3353 1316 3439 singularis
1340 3364 1408 3414 enu-

272 3461 374 3522 meret
387 3457 522 3538 Πέρσας
535 3445 558 3542 ἢ
572 3456 750 3525 Ναύπλιον
772 3460 918 3525 iunctura
931 3463 967 3523 ut
979 3457 1106 3523 uidetur
1122 3477 1284 3541 peruersa,
1307 3455 1408 3520 contra

271 3557 458 3624 Athenaeus
473 3558 550 3623 Vlll
570 3580 602 3644 p.
616 3560 705 3626 338a
728 3565 815 3626 etex
831 3579 869 3626 eo
885 3558 1029 3625 Eustath.
1052 3579 1083 3643 p.
1095 3561 1186 3643 1538,
1200 3565 1219 3624 5
1242 3551 1407 3625 exhibeant

273 3657 308 3726 ἓν
330 3660 378 3744 τῷ
405 3661 576 3741 Τιμοθέου
599 3660 774 3745 Ναυτίλῳ,
804 3662 926 3746 primus
948 3660 1120 3743 Bippartus
1140 3683 1173 3746 p.
1189 3664 1230 3726 63
1253 3657 1405 3742 duplicem

272 3764 413 3847 aliquem
435 3762 562 3828 titqum
584 3763 682 3830 tuisse
698 3763 834 3830 coniecit
849 3761 1017 3838 Ναοτίλος
1032 3750 1054 3846 ἢ
1069 3761 1246 3838 Ναύπλιος
1267 3767 1302 3827 ut
1321 3751 1404 3823 nobis

273 3866 403 3950 quidem
432 3864 560 3932 uidetur
582 3866 650 3932 sine
678 3865 745 3931 ullo
774 3864 851 3931 sale.
895 3864 979 3930 Nam
1001 3885 1056 3932 our
1078 3867 1245 3940 Ναστίλος
1272 3855 1403 3928 addeba-

273 3974 338 4051 tur,
365 3989 437 4035 cum
459 3967 700 4035 celeberrimum
723 3973 852 4033 nauem
873 3985 944 4034 esse
966 3967 1139 4054 Nauplium
1162 3987 1254 4038 nemo
1276 3955 1402 4031 nesciret
