3028 4672
479 209 521 265 De
538 209 703 281 Polyphemo
721 216 749 266 et
766 213 887 268 Galatea.
1199 218 1260 276 149

193 380 301 464 Atque
330 383 364 447 in
393 384 485 467 epioo
514 402 632 466 genere
662 383 801 468 Cyclops
833 405 897 452 non
930 391 1098 471 tantopere
1132 388 1261 455 uidetur

101 482 214 548 studia
236 488 403 567 poetarum
425 484 584 551 excitasse
608 505 704 567 quarn
727 487 835 569 ceteri,
864 507 997 569 quorum
1017 488 1085 553 fata
1106 507 1127 553 a
1149 487 1259 573 Smyr-

100 603 188 649 naeo
204 589 279 649 uate
294 603 336 649 ex
350 589 442 667 parte
457 590 580 650 tantum
595 586 758 651 celebrata
779 591 812 651 et
835 587 1142 654 consummationem
1158 608 1258 672 quan·

101 685 182 750 darn
205 691 238 751 et
258 686 458 768 prooemium
480 686 672 752 uidebantur
693 688 866 770 postulare.
906 689 1000 755 Certe
1022 688 1146 754 nullum
1169 688 1257 771 quod

101 787 223 852 scimus
246 791 351 851 exstat
372 787 588 852 testimonium
609 794 665 853 aut
686 787 850 873 indicium,
873 808 915 854 ex
938 809 1001 873 quo
1024 789 1135 872 colligi
1158 789 1258 856 liceat

102 889 203 952 etiam
224 893 298 971 post
312 886 487 953 Homerum
509 889 602 972 epioe
623 894 692 954 arte
713 887 797 954 hano
819 889 962 956 fabulam
984 909 1055 957 esse
1078 895 1258 974 tractatam,
1341 909 1342 912 ’

101 1007 189 1070 quae
211 1008 263 1054 res
285 995 413 1071 praeter
435 1008 565 1054 oausam
593 1010 691 1074 supra
717 996 996 1057 commemoratam
1025 989 1101 1056 inde
1129 989 1258 1057 uidetur

99 1088 283 1172 repetenda
305 1108 390 1172 esse,
421 1091 508 1172 quod
529 1111 643 1174 parurn
671 1111 774 1175 prope
802 1091 978 1157 accedebat
1006 1089 1088 1158 haec
1116 1093 1256 1158 narratio

101 1191 147 1256 ad
168 1189 353 1274 mythorum
367 1192 557 1259 Troicorum
572 1198 756 1258 contextum
779 1198 812 1258 et
834 1191 919 1273 quod
935 1191 1075 1277 Cyclops
1098 1194 1255 1260 ferocissi-

100 1311 176 1357 mus
198 1310 313 1375 perse
335 1292 376 1356 ab
399 1291 551 1359 heroibus
573 1295 734 1360 seiunctus
756 1295 789 1358 in
812 1293 951 1358 carmine
974 1295 1132 1376 grauioris
1161 1315 1256 1378 argu-

99 1393 203 1458 menti
226 1393 347 1476 primas
368 1398 477 1476 partes
499 1413 596 1477 agere
618 1396 675 1459 uix
696 1399 831 1479 poterat.
876 1395 946 1460 Nec
967 1395 1071 1478 magis
1093 1396 1260 1479 antiquior

100 1494 207 1576 lyrica
221 1513 274 1558 ars
289 1492 333 1559 ad
347 1493 468 1560 humile
484 1499 706 1578 argumentum
721 1494 848 1559 uidetur
860 1493 1056 1560 descendere
1067 1497 1212 1578 potuisse
1224 1500 1256 1570 ¹).

98 1596 150 1661 Eo
174 1599 283 1661 autem
304 1596 434 1661 uberius
462 1593 543 1663 baec
570 1595 680 1661 fabula
708 1595 742 1659 in
770 1594 862 1678 poesi
890 1593 1068 1660 dramatica
1096 1597 1257 1679 imprimis

99 1697 227 1762 comica
249 1696 378 1761 exculta
400 1701 464 1779 est,
487 1696 632 1761 inanius
655 1714 758 1779 paene
781 1693 1047 1778 consuetudinem¹
1064 1697 1154 1762 abiit.
1200 1697 1255 1761 Et·

101 1799 188 1863 enim
211 1818 275 1863 non
302 1799 404 1864 solum
432 1817 491 1881 per
520 1798 662 1862 omniurn
689 1802 830 1862 aetatum
859 1795 1042 1863 comoedias
1070 1795 1132 1862 hoc
1160 1817 1255 1880 argu-

98 1905 245 1965 mentum
273 1898 542 1966 inusitatissimis
572 1903 604 1962 et
632 1897 848 1964 celeberrimis
876 1902 1037 1981 uersatur,
1067 1897 1126 1964 sed
1155 1900 1253 1964 etiam

99 1999 318 2084 dithyrambis
346 2007 379 2065 et
406 2000 512 2066 mimis
541 1997 799 2084 acceptissimam
826 1999 1047 2084 suppeditauit
1074 2001 1252 2065 materiam.

99 2101 182 2180 Quis
204 2103 325 2186 primus
346 2102 410 2168 hoc
431 2106 651 2185 argumentum
673 2097 717 2165 ad
738 2098 874 2164 hilarem
903 2101 1059 2166 rationem
1085 2099 1255 2166 deflexerit

99 2204 319 2288 Cyclopisque
340 2221 511 2286 personam
533 2202 653 2268 comico
675 2199 787 2266 babitu
809 2199 963 2283 induerit,
990 2200 1166 2284 nescimus;
1198 2218 1253 2265 ne·

99 2325 164 2388 que
186 2311 338 2371 tamena
360 2322 436 2370 uero
459 2305 593 2369 multum
611 2300 841 2381 aberrabimus,
864 2301 893 2365 si
908 2299 1135 2385 Epicharmum
1151 2300 1253 2366 eoum

98 2406 164 2473 hoo
184 2406 301 2472 fechse
323 2405 565 2489 suspicabimur.

574 2605 781 2614 ———--

575 2771 700 2848 Onam
725 2772 776 2846 ΙΙ.

412 2921 472 2999 De
496 2922 653 3024 Cyclope
679 2919 937 3022 Epa'cburmco.

184 3097 229 3164 Ut
250 3096 313 3162 hoc
335 3095 442 3161 statim
469 3111 750 3177 praemoneamus,
780 3093 808 3158 si
831 3089 962 3173 quidem
990 3085 1173 3172 quaerendo
1203 3089 1250 3152 in·
1325 3135 1327 3138 -

94 3201 260 3283 uestigare
275 3198 421 3263 uolumus
437 3195 605 3262 consilium
621 3198 653 3258 et
668 3197 807 3258 mentem
827 3195 953 3285 poetae,
976 3189 1009 3253 in
1031 3186 1118 3253 nuda
1141 3207 1248 3270 quarn·

95 3304 148 3368 uis
162 3300 232 3366 aori
247 3296 507 3382 interpretatione
523 3295 772 3378 fragmentorum
790 3289 963 3357 subsistere
985 3288 1041 3354 uix
1063 3288 1250 3373 poterimus,

95 3402 157 3470 sed
172 3401 308 3467 aliorum
323 3403 490 3482 poetarum
505 3399 654 3481 poemata
668 3394 711 3458 ad
726 3392 814 3458 idem
828 3394 1049 3474 argumentum
1070 3392 1250 3474 spectantia

95 3507 131 3570 in
155 3500 427 3585 comparationem
449 3517 565 3564 uocare
588 3502 620 3561 et
641 3494 752 3560 licebit
780 3498 812 3558 et
838 3510 972 3558 necesse
1002 3491 1078 3573 erit;
1107 3493 1249 3557 maxime

187 3686 213 3748 1)
231 3681 345 3735 'Pactam
369 3693 429 3734 esse
450 3678 558 3747 saepius
582 3676 685 3731 cladem
706 3675 868 3746 cyclopeam
890 3673 919 3728 in
938 3672 1023 3728 Ulixis
1045 3671 1146 3727 fabulis
1169 3685 1248 3740 prae·

96 3770 180 3838 cipue
198 3764 335 3823 erroribus
353 3761 513 3819 enarrandis
530 3761 611 3816 facile
629 3761 807 3830 suspicamur,
827 3758 914 3814 ueluti
931 3756 1048 3812 fortasse
1066 3756 1100 3810 ab
1117 3755 1249 3809 Alcmane

96 3855 134 3910 et.
154 3852 188 3906 fr.
209 3855 242 3906 28
251 3865 309 3918 sqq.
328 3852 377 3903 148
389 3846 513 3914 Bagra
540 3862 564 3900 r.
581 3844 707 3914 Sophool.
725 3844 758 3899 fr.
777 3849 826 3898 419
838 3843 872 3900 Ν.
909 3841 1046 3898 Weloker.
1064 3838 1097 3893 de
1113 3841 1180 3904 trag.
1199 3837 1245 3892 Gr.
1285 3899 1291 3906 ι

93 3958 122 4011 p,
136 3940 200 4004 2473
218 3932 351 3989 Ribbeck.
365 3933 397 3987 de
409 3934 479 3998 trag.
488 3929 566 3984 Rom.
584 3945 611 3998 p.
622 3933 680 3982 275.
