3028 4672
486 233 529 288 De
546 232 711 303 Polyphemo
730 235 759 288 et
777 233 899 289 Galatea.
1177 277 1187 298 .
1212 234 1272 292 221

117 407 270 490 fingimus
305 407 398 473 noble
432 406 602 473 Galateam
639 407 721 471 inter
753 407 874 489 primas
907 406 1122 473 adulescentis
1158 415 1274 493 poetae

117 508 248 575 fabulas
270 509 385 593 fnisse,
417 510 538 594 quippe
560 509 615 590 qui
644 527 765 573 nouare
793 514 981 591 argumenta
1007 509 1148 575 nondum
1177 530 1273 577 ansus

116 617 343 694 argumentum
359 611 392 675 in
407 629 524 676 scaena
542 615 729 694 spectatum,
754 610 849 692 quale
872 611 937 675 iam
960 615 1051 676 erant
1065 608 1218 694 Cyclopis
1240 612 1274 677 in

117 712 291 778 Galateam
308 730 434 776 amores
457 712 646 794 praesertim
668 711 701 776 in
724 712 770 778 eis
792 710 987 795 regionibus,
1010 711 1067 777 ubi
1088 716 1182 777 natus
1205 718 1274 778 erat

115 819 225 897 poeta,
249 818 417 896 repeteret.
452 812 606 878 Videmus
621 818 729 879 autem
744 833 786 878 ex
801 813 974 879 Philoxeni
996 811 1202 896 dIthyrambo
1224 833 1272 880 re·

114 916 275 981 mansisse
289 914 439 998 Dionysii
455 913 608 997 Gyclopis
622 915 751 980 nomine
775 920 859 981 tecte
881 913 1053 999 significati
1076 915 1272 997 irrisIonem3

114 1037 156 1082 ac
179 1015 308 1082 uidetur
322 1016 435 1082 Alexis
459 1035 567 1082 senem
589 1015 754 1082 balbulum
775 1015 939 1101 nymphae
960 1036 1069 1082 amore
1092 1023 1272 1100 correptum

115 1119 353 1202 spectatoribus
378 1118 578 1201 propinasse.
622 1116 736 1200 Neque
759 1119 889 1202 mirum,
919 1118 1006 1201 quod
1028 1119 1169 1185 comicus
1199 1118 1272 1185 illos

114 1240 245 1286 amores
266 1219 309 1285 ad
332 1224 528 1284 senectutem
550 1218 699 1303 Dionysii
725 1221 856 1285 rettulit.
901 1220 1141 1288 consueuerant
1162 1221 1273 1303 opina-

113 1341 189 1389 mur
211 1326 407 1404 spectatores
429 1321 462 1384 in
485 1340 603 1386 scaena
625 1320 817 1405 Dionysium
840 1321 993 1406 Cyclopis
1022 1341 1159 1405 persona
1182 1321 1273 1387 indu-

115 1430 186 1489 tum
214 1423 375 1506 aspicere,
408 1427 443 1487 ut
473 1421 560 1503 quod
590 1440 690 1487 senex
717 1422 892 1504 aliquando
920 1423 1144 1506 proferebatur
1170 1422 1273 1506 figura

115 1524 283 1590 sollemnis
298 1522 460 1588 ueteribus
474 1522 663 1589 libidinibus
678 1523 819 1588 nondum
835 1524 991 1608 depositis
1005 1544 1070 1589 non
1091 1525 1186 1590 modo
1209 1544 1273 1590 non

113 1628 317 1708 mirarentur,
341 1624 400 1690 sed
422 1624 462 1690 de
486 1625 610 1708 integro
632 1625 783 1691 riderent.
803 1663 845 1671 —
868 1626 960 1692 Prius
983 1632 1090 1691 autem
1113 1626 1272 1708 fragmen·

114 1735 185 1794 tum
207 1726 295 1793 haud
318 1727 363 1791 ita
384 1735 501 1809 magno
524 1727 694 1793 interuallo
711 1729 879 1812 excepisse
898 1728 1026 1793 uidetur
1048 1727 1085 1791 fr.
1101 1727 1133 1790 II
1154 1725 1271 1792 Athen.

113 1831 179 1896 VH
201 1849 232 1913 p.
247 1828 356 1894 sled:

294 1927 414 2017 νάρκην
435 1928 496 2012 μὲν
519 1915 591 2010 οὖν,
615 1922 662 2006 ὥς
684 1951 804 2016 φασιν,
828 1921 1082 2017 ὠνθυλευμένην

292 2023 403 2097 ὀπτᾶν
425 2022 519 2118 ὅλην,

115 2154 215 2219 quam
229 2134 400 2220 abruptam
414 2135 605 2200 sententiam
619 2134 801 2201 Meinekius
821 2135 985 2218 suppleuIt
1007 2133 1191 2199 dubitanter
1213 2132 1269 2198 ad-

115 2233 282 2302 deusdet.
326 2236 370 2301 At
396 2255 472 2302 uero
501 2237 610 2301 nesoIo
639 2256 681 2300 an
708 2228 928 2319 praecipiendi
959 2236 1047 2300 notio
1075 2235 1116 2300 ab
1147 2255 1185 2301 eo
1215 2235 1270 2300 ab·

115 2339 263 2422 horreat,
291 2338 346 2421 qui
367 2337 476 2403 uerbIs
499 2327 545 2411 ὥς
566 2355 671 2421 φασιν
693 2337 771 2403 artIs
794 2336 1184 2403 culinariaesnbtilitates
1207 2357 1272 2403 non

115 2442 246 2526 penitus
274 2459 309 2506 se
337 2459 432 2506 nosse
461 2437 628 2522 significet.
673 2436 780 2515 Quare
809 2443 985 2504 statuamus
1016 2439 1154 2506 eundem
1181 2440 1271 2506 illum

115 2563 262 2624 seruum,
290 2562 396 2626 aquo
419 2543 527 2626 priora
552 2540 641 2606 dIcta
666 2545 754 2622 sunt,
784 2539 843 2604 tali
871 2539 1006 2608 fortasse
1034 2562 1160 2608 conexu
1189 2542 1271 2609 haec

116 2644 240 2711 dixisse
259 2637 402 2710 ‘naream
418 2643 559 2727 quidem,
582 2647 618 2707 ut
631 2643 730 2725 aiunt,
755 2641 967 2710 condimentis
982 2644 1150 2727 impletam
1171 2650 1271 2710 totam

13 2739 15 2796 l
115 2736 240 2814 assare’
259 2741 407 2828 <didi0it>
430 2735 551 2820 (ὀπτᾶν
566 2733 645 2829 ὅλην
665 2739 895 2830 waima»,
919 2765 982 2811 non
1004 2745 1119 2812 didicit
1141 2779 1183 2790 -
1205 2747 1270 2810 iarn

116 2869 277 2915 annexam
297 2848 397 2913 fuisse
418 2853 566 2930 putamus
588 2844 834 2931 philosophicae
857 2847 1021 2914 doctrinae
1048 2848 1191 2930 aliquam
1220 2867 1290 2924 rep

13 2979 15 3006 ι
116 2952 236 3035 gulam,
262 2955 298 3014 nt
319 2948 443 3016 comica
466 2947 667 3032 oppositione
690 2949 833 3032 exempli
855 2948 932 3014 artis
954 2946 1086 3014 assandi
1110 2953 1142 3012 et
1163 2946 1270 3030 philo-

116 3051 271 3136 sophicae
287 3049 387 3116 thesis
403 3051 485 3116 risus
500 3055 692 3116 moueretur.
728 3049 777 3115 Ac
799 3050 939 3115 cernitur
962 3068 1000 3114 eo
1023 3067 1158 3114 acumen
1180 3048 1269 3114 illius

115 3154 310 3236 sententiae,
340 3150 426 3234 quod
448 3171 557 3218 assare
579 3152 704 3235 pisces,
727 3170 791 3216 non
814 3168 952 3231 coquere
974 3148 1076 3215 Siculi
1099 3156 1168 3215 erat
1190 3169 1269 3234 prae

116 3255 233 3322 ceteris
248 3254 355 3336 moris,
378 3252 413 3318 id
428 3252 515 3336 qnod
534 3252 687 3318 discimus
710 3271 752 3318 ex
766 3249 911 3334 Ephippi
934 3251 1048 3317 comici
1063 3248 1186 3333 Philyr.
1202 3251 1240 3316 fr.
1253 3252 1270 3317 1

13 3337 15 3404 A
116 3355 233 3422 Athen.
245 3355 307 3420 VH
329 3375 360 3440 p.
373 3356 461 3421 neec
484 3354 556 3420 coll.
572 3373 599 3418 c.
615 3352 760 3444 Platonis
778 3352 892 3418 comici
916 3357 948 3418 et
962 3351 1161 3420 Archestrati
1184 3354 1268 3438 frag-

13 3481 14 3528 3
117 3458 233 3524 mentis
248 3456 289 3522 ab
305 3455 473 3524 Athenaeo
485 3455 546 3521 VII
559 3476 592 3538 p.
605 3456 667 3517 314
690 3455 834 3520 seruatis.
871 3455 977 3520 Etiam
1000 3454 1062 3522 hac
1083 3475 1119 3522 re
1141 3456 1269 3523 uidetur

13 3551 14 3582 ¹
119 3556 356 3642 quodammodo
379 3557 581 3642 comprobari
603 3555 747 3622 Siculum
773 3557 872 3624 fulsse
901 3564 1132 3642 argumentum.
1177 3558 1268 3637 Quae

13 3695 14 3710 ν
119 3665 287 3745 praeterea
300 3660 471 3725 laudantur
490 3679 531 3726 ex
544 3660 694 3726 Alexidis
709 3659 855 3743 Galatea,
878 3658 959 3725 nihil
981 3660 1048 3727 fere
1070 3681 1129 3728 nos
1151 3660 1268 3728 docent

13 3775 14 3824 J
119 3761 155 3826 fr.
163 3761 213 3827 ΠΙ
227 3760 360 3826 Antias.
369 3761 406 3825 B.
422 3782 453 3846 p.
462 3763 517 3826 93:
534 3752 691 3844 εῧοψίαν·
709 3752 784 3827 ἇννὶ
794 3762 854 3826 τοῦ
866 3753 1115 3847 εὐπροσωπίαν.
1139 3754 1268 3837 Ἄλεξις

13 3867 14 3890 ἦ
121 3863 289 3947 Γαλατείᾳ
310 3863 350 3928 cf.
370 3862 453 3928 Poll.
464 3863 518 3944 VI,
535 3866 575 3928 38
603 3854 807 3947 (εῧοψωνίαν
829 3864 869 3930 cf.
891 3865 986 3930 Mein.
1002 3864 1108 3949 suppl.
1123 3862 1198 3928 add.
1215 3883 1267 3931 co·

121 3966 191 4032 mio.
215 3966 278 4032 uol.
292 3965 340 4030 III
362 3964 394 4029 in
416 3965 522 4030 uol.V
544 3985 574 4049 p.
587 3965 700 4041 CCIII)
723 3972 756 4032 et
776 3967 814 4031 fr.
829 3967 874 4030 IV
896 3965 989 4032 Phot.
1004 3966 1067 4032 lex.
1084 3985 1109 4031 s.
1123 3984 1154 4030 n.
1171 3987 1267 4048 νομι-
