3028 4672
296 243 356 303 192
655 242 785 312 Georgius
803 241 936 298 Ricardus
953 241 1071 298 Hollsnd

292 417 444 503 pecudes,
466 423 501 482 ut
515 436 606 483 suam
621 414 827 498 citharaeque
842 435 954 482 uocem
969 415 1167 498 adiuuarent,
1188 420 1220 480 et
1233 415 1453 501 θρεττανελό

294 522 337 604 (p.
354 522 452 602 eota,
469 520 508 582 53
517 537 603 602 sqq:
632 515 703 582 ἔστι
726 515 761 581 δὲ
782 513 820 581 τὸ
843 514 1045 600 θρεττανελὸ
1068 518 1127 602 τῆς
1148 514 1248 600 λύρας
1277 512 1453 604 ἀπήχημα

293 621 349 685 καὶ
371 611 409 684 οὗ
433 618 638 685 συνάπτεται
659 615 746 703 πρὸς
767 615 826 704 τὴν
849 616 1018 695 σύνταξιν·
1042 609 1127 682 ἀλλὰ
1150 615 1237 684 διότι
1257 619 1313 684 καλ
1338 611 1453 698 αὐτὸς

293 706 360 808 ᾖδε,
376 719 494 787 τούτου
507 719 603 806 χάριν
618 717 784 807 ἐνέθηκεν)
796 724 828 805 ¹),
851 721 937 804 quod
952 723 1072 806 optime
1087 722 1133 786 sio
1149 722 1325 805 explieauit
1338 723 1451 808 Berg-

293 825 409 890 leiuius
425 844 458 908 p.
471 827 521 908 49,
544 830 579 889 ut
593 822 812 908 Polyphemus
830 817 933 889 ‘uelut
953 822 1103 906 pulsandi
1117 843 1234 907 expers
1255 844 1336 890 uoce
1361 830 1449 892 stre·

292 927 395 1010 pitum
410 927 500 1010 lyrae
515 926 691 991 imitaretur
713 931 744 992 et
766 932 839 1010 post
860 925 1039 1009 complures
1061 943 1172 991 uersus
1194 931 1321 990 cantum
1345 947 1449 993 suum

293 1031 374 1094 uoce'
394 1028 452 1093 illa
473 1017 718 1109 interpellaret'.
763 1026 866 1093 (lantu
889 1033 995 1092 autem
1017 1027 1162 1109 quamuis
1187 1026 1317 1094 dissono
1340 1029 1447 1112 Poly-

292 1127 429 1214 phemus
451 1127 606 1194 Galateae
628 1130 768 1194 animum
789 1128 960 1212 superbum
982 1129 1123 1194 mulcere
1146 1147 1282 1210 eamque
1303 1129 1446 1196 allicere

292 1231 394 1296 uoluit
413 1230 451 1296 cf.
468 1228 566 1296 schol.
582 1251 613 1315 p.
627 1231 726 1314 3411),
741 1234 871 1313 l'lsqq.:
895 1225 961 1294 ἐκεῖ
974 1226 1037 1315 γὰρ
1053 1226 1179 1313 εἰσάγει
1193 1227 1252 1295 τὸν
1263 1227 1444 1295 Κύκλωπα

291 1329 508 1415 κιθαρίζοντα
529 1331 583 1395 καὶ
607 1328 833 1417 &paelicatus
856 1327 915 1416 τὴν
935 1328 1129 1396 Γαλάτειαν.

370 1434 542 1500 Praeterea
553 1440 659 1500 autem
675 1435 932 1502 caecationem
947 1453 1073 1516 quoque
1088 1439 1124 1498 ut
1138 1432 1199 1499 hac
1214 1452 1295 1498 uoce
1310 1439 1444 1500 utamur

293 1533 485 1619 Polyphemi
500 1555 684 1621 expressam
699 1537 797 1604 fuisse
812 1536 964 1603 discimus
978 1555 1019 1601 ex
1034 1533 1134 1601 schol.
1147 1533 1190 1600 ad
1201 1555 1231 1600 u.
1244 1537 1316 1600 298.
1339 1536 1442 1602 Vario

294 1638 388 1704 modo
412 1638 473 1702 uiri
496 1637 582 1704 docti
604 1638 748 1704 diuersas
774 1637 832 1704 has
854 1639 995 1704 actiones
1018 1657 1053 1704 se
1074 1637 1260 1703 subsecutas
1282 1657 1442 1704 conexas-

293 1757 355 1822 que
375 1738 543 1806 finxerunt.
578 1739 640 1818 Qui
662 1740 696 1803 in
717 1742 900 1804 uniuersum
921 1736 1089 1821 perediam
1105 1736 1373 1823 Aristophaneam
1396 1739 1442 1804 ad

293 1860 418 1906 cursum
440 1843 587 1907 carminis
610 1840 793 1906 Philoxeuii
820 1839 1042 1906 adumbratam
1064 1859 1136 1906 esse
1158 1840 1359 1906 consentiunt
1383 1860 1439 1906 ne·
1488 1860 1490 1869 ·

293 1960 355 2023 que
369 1941 503 2024 priores,
521 1943 576 2024 qui
591 1942 632 2007 de
648 1941 709 2006 hac
723 1961 758 2006 re
773 1943 975 2024 scripserunt,
994 1941 1094 2006 alium
1107 1941 1221 2006 ducem
1236 1941 1337 2007 secuti
1353 1947 1437 2007 sunt.

293 2041 359 2108 Sed
387 2044 508 2126 primus
534 2049 568 2108 ut
595 2042 721 2108 uidetur
742 2041 901 2125 Bergkius
929 2043 1098 2127 epistulam
1125 2044 1267 2126 aliquam
1297 2044 1440 2110 ostendit
1488 2063 1489 2071 ¹

293 2143 457 2228 Synesii
480 2146 633 2230 episcopi,
657 2145 711 2228 qui
729 2145 787 2212 suh
809 2143 903 2209 finem
927 2145 1048 2210 saeculi
1069 2165 1100 2227 p.
1117 2143 1191 2210 Chr.
1207 2164 1237 2209 n.
1252 2145 1307 2210 IV.
1330 2144 1439 2229 philo·
1485 2204 1490 2269 Ι

293 2245 427 2329 sophiae
447 2248 624 2330 litterisque
646 2247 749 2314 omnis
770 2247 897 2330 generis
919 2251 969 2311 sat
990 2246 1183 2312 fructuosam
1205 2248 1337 2314 nauauit
1360 2268 1439 2330 ope·
1486 2272 1490 2335 q

292 2369 370 2412 ram.
416 2348 530 2431 Agitur
551 2354 658 2415 autem
684 2349 716 2413 in
745 2349 884 2432 epistula
900 2351 956 2411 121
982 2348 1023 2414 de
1052 2349 1165 2414 litteris
1194 2349 1235 2415 ab
1257 2348 1438 2416 Athanasio
1487 2396 1490 2431 ,

294 2448 448 2532 quodam,
479 2451 533 2532 qui
558 2458 688 2534 propter
715 2452 819 2516 scelus
848 2449 980 2533 aliquod
1010 2469 1137 2517 carcere
1166 2451 1308 2517 inclusus
1336 2451 1439 2519 fuisse
1486 2460 1489 2491 ²

292 2548 435 2633 uidetur,
464 2550 506 2615 ad
528 2550 698 2636 Synesium
721 2551 820 2634 datis,
850 2558 886 2617 ut
913 2553 947 2617 in
973 2551 1154 2618 libertatem
1183 2572 1217 2618 se
1246 2552 1437 2620 uindicaret.
1486 2556 1490 2589 ³

293 2651 353 2717 (lui
375 2651 548 2736 respondet
562 2652 745 2738 Cyrenaeus
768 2652 937 2737 episcopus
959 2672 1133 2736 numquam
1154 2671 1190 2719 se
1213 2673 1341 2718 manum
1363 2677 1437 2739 por·

292 2759 450 2821 recturum
473 2752 593 2819 homiui
621 2754 796 2820 fraudatori
818 2753 860 2818 ad
883 2754 1036 2820 iustitiam
1063 2753 1318 2838 impediendam,
1349 2757 1438 2840 quod

293 2855 354 2922 sibi
376 2861 410 2920 ut
433 2855 592 2922 sacerdoti
621 2856 752 2921 minime
780 2856 900 2921 liceret.
944 2856 1013 2920 Iam
1042 2856 1132 2922 initio
1162 2856 1320 2941 epistulae
1351 2879 1436 2925 com·
1488 2896 1490 2931 t

291 2965 385 3041 parat
414 2956 626 3024 Athanasium
652 2956 742 3022 illum
771 2977 898 3024 carcere
926 2958 1083 3024 inclusum
1116 2978 1188 3024 oum
1216 2958 1315 3025 Ulixe
1343 2967 1435 3027 antro

293 3058 489 3143 Polyphemi
506 3061 644 3143 incluso,
674 3060 729 3142 qui
750 3060 865 3125 frustra
886 3059 1011 3126 custodi
1032 3066 1066 3125 ut
1088 3079 1123 3125 se
1145 3060 1284 3127 dimittat
1305 3081 1435 3144 persua·

380 3315 404 3375 1)
423 3311 476 3367 Cur
488 3311 604 3379 Bergkio
617 3311 650 3366 fr.
663 3317 692 3366 11
706 3311 830 3366 uideatur
842 3309 950 3365 ridiculi
960 3309 1048 3379 gratia
1065 3310 1117 3365 hcc
1134 3310 1192 3378 ipse
1207 3309 1318 3366 finxisse
1329 3311 1434 3367 Aristo·

292 3395 394 3464 phanes
411 3411 466 3450 non
483 3396 668 3464 intellegimus,
687 3411 748 3450 cum
765 3399 879 3450 testetur
891 3394 970 3450 etiam
988 3396 1056 3450 alter
1074 3394 1158 3451 schol.
1178 3413 1204 3464 p.
1215 3395 1287 3450 3411)
1306 3395 1433 3466 1.1esqq.

292 3479 351 3532 εἶτα
374 3477 490 3549 κιθάρας
515 3468 581 3546 ἦχον
606 3476 767 3548 μιμούμενος
789 3482 820 3532 ἐν
842 3480 883 3545 τῷ
907 3477 1094 3553 συγγράμματι
1116 3476 1196 3533 τοῦτό
1223 3497 1290 3550 φησι
1316 3481 1434 3546 (eubiee

292 3572 349 3620 tum
367 3564 441 3618 solus
459 3579 518 3618 essa
534 3567 624 3632 potest
641 3565 813 3629 Philoxenus)
831 3564 863 3618 τὸ
881 3566 954 3635 ῥῆμα
971 3561 1147 3636 θρεττανελό.
1183 3564 1228 3618 Ex
1247 3563 1339 3619 uerbis
1365 3566 1437 3620 enim

293 3666 319 3718 p.
331 3648 412 3716 341b,
425 3654 453 3703 ΙΙ
473 3645 506 3700 τὸ
524 3645 554 3700 dd
569 3646 738 3718 θρεττανελὸ
753 3648 834 3702 ποιὸν
850 3648 928 3717 μέλος
944 3654 990 3702 καὶ
1007 3646 1171 3721 κρανμάτιὸν
1188 3651 1255 3716 ἐστι,
1272 3645 1304 3700 τὸ
1323 3645 1353 3702 δὲ
1371 3647 1432 3703 ἀλλ’

293 3735 334 3788 sia
351 3737 430 3788 riusa
448 3738 499 3787 etc.
517 3733 584 3788 nihil
602 3733 761 3801 suspicionis
780 3734 904 3788 contrahi
920 3736 1024 3802 potest,
1050 3750 1110 3790 cum
1127 3733 1320 3802 particularum
1338 3734 1435 3790 aduer-

293 3821 441 3876 satiuarum
457 3819 486 3872 in
503 3817 613 3872 scholiis
630 3832 696 3872 usus
714 3834 768 3873 non
785 3820 841 3872 tam
858 3818 1018 3886 premendus
1036 3819 1078 3874 sit.

378 3911 403 3972 2)
420 3905 483 3961 Non
500 3901 614 3957 feliciter
631 3902 727 3972 Bergk.
746 3905 919 3974 τερετίζοντα
931 3903 968 3955 sis
985 3905 1127 3974 ewathen.
1141 3904 1155 3958 I
1171 3919 1197 3972 p.
1209 3907 1279 3973 20a;
1297 3904 1437 3974 ἐρεθίζειν

293 3990 395 4061 pariter
411 3990 572 4059 usurpatum
589 3991 670 4056 atque
688 3988 778 4060 ιρέθα
797 3987 960 4044 Ps-Mosch.
973 3989 1022 4054 ΙΙΙ,
1034 3993 1074 4043 85.
