<?xml version="1.0" encoding="UTF-8"?>
<!DOCTYPE html PUBLIC "-//W3C//DTD XHTML 1.0 Transitional//EN"
    "http://www.w3.org/TR/xhtml1/DTD/xhtml1-transitional.dtd">
<html xmlns="http://www.w3.org/1999/xhtml" xml:lang="en" lang="en">
 <head>
  <title>
</title>
<meta http-equiv="Content-Type" content="text/html;charset=utf-8" />
  <meta name='ocr-system' content='tesseract 3.04.00' />
  <meta name='ocr-capabilities' content='ocr_page ocr_carea ocr_par ocr_line ocrx_word'/>
</head>
<body>
  <div class='ocr_page' id='page_1' title='image "./depolyphemoetga00hollgoog_0090.png"; bbox 0 0 3028 4672; ppageno 0'>
   <div class='ocr_carea' id='block_1_1' title="bbox 450 257 1232 332">
    <p class='ocr_par' dir='ltr' id='par_1_1' title="bbox 450 257 1232 332">
     <span class='ocr_line' id='line_1_1' title="bbox 450 257 1232 332; baseline -0.003 -14"><span class='ocrx_word' id='word_1_1' title='bbox 450 263 492 318; x_wconf 88' lang='lat' dir='ltr'><strong>De</strong></span> <span class='ocrx_word' id='word_1_2' title='bbox 510 260 675 332; x_wconf 87' lang='lat' dir='ltr'>Polyphemo</span> <span class='ocrx_word' id='word_1_3' title='bbox 694 265 721 318; x_wconf 86' lang='lat' dir='ltr'><strong>et</strong></span> <span class='ocrx_word' id='word_1_4' title='bbox 739 262 860 316; x_wconf 81' lang='lat' dir='ltr'><strong>Galatea.</strong></span> <span class='ocrx_word' id='word_1_5' title='bbox 1171 257 1232 316; x_wconf 85' lang='lat'><strong>217</strong></span> 
     </span>
    </p>
   </div>
   <div class='ocr_carea' id='block_1_2' title="bbox 88 431 1237 722">
    <p class='ocr_par' dir='ltr' id='par_1_2' title="bbox 88 431 1237 722">
     <span class='ocr_line' id='line_1_2' title="bbox 88 431 1236 519; baseline -0.01 -11"><span class='ocrx_word' id='word_1_6' title='bbox 88 460 154 508; x_wconf 88' lang='lat' dir='ltr'><strong>esse</strong></span> <span class='ocrx_word' id='word_1_7' title='bbox 178 459 221 506; x_wconf 86' lang='lat' dir='ltr'><strong>ex</strong></span> <span class='ocrx_word' id='word_1_8' title='bbox 244 438 400 504; x_wconf 89' lang='lat' dir='ltr'><strong>sermonis</strong></span> <span class='ocrx_word' id='word_1_9' title='bbox 422 436 566 519; x_wconf 85' lang='lat' dir='ltr'><strong>uulgaris</strong></span> <span class='ocrx_word' id='word_1_10' title='bbox 587 435 767 518; x_wconf 89' lang='lat' dir='ltr'><strong>prouerbiis</strong></span> <span class='ocrx_word' id='word_1_11' title='bbox 789 433 927 517; x_wconf 87' lang='lat' dir='ltr'><strong>repetita</strong></span> <span class='ocrx_word' id='word_1_12' title='bbox 956 436 988 496; x_wconf 91' lang='lat' dir='ltr'><strong>et</strong></span> <span class='ocrx_word' id='word_1_13' title='bbox 1014 431 1120 497; x_wconf 88' lang='lat' dir='ltr'><strong>redire</strong></span> <span class='ocrx_word' id='word_1_14' title='bbox 1149 432 1236 516; x_wconf 88' lang='lat' dir='ltr'><strong>apud</strong></span> 
     </span>
     <span class='ocr_line' id='line_1_3' title="bbox 88 532 1235 624; baseline -0.01 -16"><span class='ocrx_word' id='word_1_15' title='bbox 88 544 164 608; x_wconf 90' lang='lat' dir='ltr'><strong>alios</strong></span> <span class='ocrx_word' id='word_1_16' title='bbox 188 558 316 624; x_wconf 90' lang='lat' dir='ltr'><strong>quoque</strong></span> <span class='ocrx_word' id='word_1_17' title='bbox 339 542 452 621; x_wconf 88' lang='lat' dir='ltr'><strong>poetas</strong></span> <span class='ocrx_word' id='word_1_18' title='bbox 480 537 531 614; x_wconf 85' lang='lat' dir='ltr'><strong>(cf.</strong></span> <span class='ocrx_word' id='word_1_19' title='bbox 554 536 636 601; x_wconf 89' lang='lat' dir='ltr'><strong>Men.</strong></span> <span class='ocrx_word' id='word_1_20' title='bbox 652 541 787 601; x_wconf 89' lang='lat' dir='ltr'><strong>monost.</strong></span> <span class='ocrx_word' id='word_1_21' title='bbox 805 535 855 617; x_wconf 85' lang='grc'><strong>6);</strong></span> <span class='ocrx_word' id='word_1_22' title='bbox 886 532 943 600; x_wconf 91' lang='lat' dir='ltr'><strong>sed</strong></span> <span class='ocrx_word' id='word_1_23' title='bbox 971 552 1076 599; x_wconf 93' lang='lat' dir='ltr'><strong>nonne</strong></span> <span class='ocrx_word' id='word_1_24' title='bbox 1104 552 1235 616; x_wconf 89' lang='lat' dir='ltr'><strong>respon·</strong></span> 
     </span>
     <span class='ocr_line' id='line_1_4' title="bbox 89 635 1237 722; baseline -0.007 -14"><span class='ocrx_word' id='word_1_25' title='bbox 89 643 161 710; x_wconf 86' lang='lat' dir='ltr'><strong>dere</strong></span> <span class='ocrx_word' id='word_1_26' title='bbox 183 648 293 708; x_wconf 89' lang='lat' dir='ltr'><strong>nostro</strong></span> <span class='ocrx_word' id='word_1_27' title='bbox 315 641 384 706; x_wconf 89' lang='lat' dir='ltr'><strong>iure</strong></span> <span class='ocrx_word' id='word_1_28' title='bbox 405 657 576 722; x_wconf 91' lang='lat' dir='ltr'><strong>possumus</strong></span> <span class='ocrx_word' id='word_1_29' title='bbox 599 635 729 702; x_wconf 83' lang='lat' dir='ltr'><strong>easdem</strong></span> <span class='ocrx_word' id='word_1_30' title='bbox 759 637 894 702; x_wconf 88' lang='lat' dir='ltr'><strong>actionis</strong></span> <span class='ocrx_word' id='word_1_31' title='bbox 923 635 1068 700; x_wconf 90' lang='lat' dir='ltr'><strong>eiusdem</strong></span> <span class='ocrx_word' id='word_1_32' title='bbox 1096 635 1237 701; x_wconf 89' lang='lat' dir='ltr'><strong>rationes</strong></span> 
     </span>
    </p>
   </div>
   <div class='ocr_carea' id='block_1_3' title="bbox 12 735 1237 830">
    <p class='ocr_par' dir='ltr' id='par_1_3' title="bbox 12 735 1237 830">
     <span class='ocr_line' id='line_1_5' title="bbox 12 735 1237 830; baseline -0.01 -19"><span class='ocrx_word' id='word_1_33' title='bbox 12 813 13 830; x_wconf 61' lang='lat'><strong>,</strong></span> <span class='ocrx_word' id='word_1_34' title='bbox 87 763 257 812; x_wconf 88' lang='lat' dir='ltr'><strong>renouasse</strong></span> <span class='ocrx_word' id='word_1_35' title='bbox 287 741 432 808; x_wconf 90' lang='lat' dir='ltr'><strong>eiusdem</strong></span> <span class='ocrx_word' id='word_1_36' title='bbox 462 739 639 807; x_wconf 88' lang='lat' dir='ltr'><strong>sententiae</strong></span> <span class='ocrx_word' id='word_1_37' title='bbox 668 736 879 804; x_wconf 81' lang='lat' dir='ltr'><strong>memoriam?</strong></span> <span class='ocrx_word' id='word_1_38' title='bbox 924 735 1080 802; x_wconf 79' lang='lat' dir='ltr'><strong>Similiter</strong></span> <span class='ocrx_word' id='word_1_39' title='bbox 1105 736 1237 803; x_wconf 77' lang='lat' dir='ltr'><strong>Ulixem</strong></span> 
     </span>
    </p>
   </div>
   <div class='ocr_carea' id='block_1_4' title="bbox 87 837 1237 930">
    <p class='ocr_par' dir='ltr' id='par_1_4' title="bbox 87 837 1237 930">
     <span class='ocr_line' id='line_1_6' title="bbox 87 837 1237 930; baseline -0.01 -18"><span class='ocrx_word' id='word_1_40' title='bbox 87 845 286 930; x_wconf 84' lang='lat' dir='ltr'><strong>potissimum</strong></span> <span class='ocrx_word' id='word_1_41' title='bbox 302 848 478 910; x_wconf 85' lang='lat' dir='ltr'><strong>statuamus</strong></span> <span class='ocrx_word' id='word_1_42' title='bbox 494 841 537 906; x_wconf 89' lang='lat' dir='ltr'><strong>ad</strong></span> <span class='ocrx_word' id='word_1_43' title='bbox 553 839 737 924; x_wconf 74' lang='lat' dir='ltr'><strong>Cyclopem,</strong></span> <span class='ocrx_word' id='word_1_44' title='bbox 762 858 856 922; x_wconf 91' lang='lat' dir='ltr'><strong>quem</strong></span> <span class='ocrx_word' id='word_1_45' title='bbox 880 839 956 904; x_wconf 91' lang='lat' dir='ltr'><strong>uino</strong></span> <span class='ocrx_word' id='word_1_46' title='bbox 979 837 1155 904; x_wconf 85' lang='lat' dir='ltr'><strong>domiturus</strong></span> <span class='ocrx_word' id='word_1_47' title='bbox 1178 841 1237 919; x_wconf 91' lang='lat' dir='ltr'><strong>est,</strong></span> 
     </span>
    </p>
   </div>
   <div class='ocr_carea' id='block_1_5' title="bbox 12 934 1238 1026">
    <p class='ocr_par' dir='ltr' id='par_1_5' title="bbox 12 934 1238 1026">
     <span class='ocr_line' id='line_1_7' title="bbox 12 934 1238 1026; baseline -0.012 -11"><span class='ocrx_word' id='word_1_48' title='bbox 12 949 13 984; x_wconf 73' lang='lat'><em>³</em></span> <span class='ocrx_word' id='word_1_49' title='bbox 89 947 194 1014; x_wconf 86' lang='lat' dir='ltr'><strong>diccrc</strong></span> <span class='ocrx_word' id='word_1_50' title='bbox 212 947 250 1011; x_wconf 85' lang='lat' dir='ltr'><strong>ir.</strong></span> <span class='ocrx_word' id='word_1_51' title='bbox 263 947 324 1011; x_wconf 90' lang='lat' dir='ltr'><strong>inc.</strong></span> <span class='ocrx_word' id='word_1_52' title='bbox 338 947 378 1008; x_wconf 83' lang='lat'><strong>35</strong></span> <span class='ocrx_word' id='word_1_53' title='bbox 393 943 510 1009; x_wconf 89' lang='lat' dir='ltr'><strong>Athen.</strong></span> <span class='ocrx_word' id='word_1_54' title='bbox 526 942 542 1006; x_wconf 94' lang='lat' dir='ltr'>I</span> <span class='ocrx_word' id='word_1_55' title='bbox 563 962 595 1025; x_wconf 93' lang='lat' dir='ltr'><strong>p.</strong></span> <span class='ocrx_word' id='word_1_56' title='bbox 608 943 692 1006; x_wconf 71' lang='lat' dir='ltr'><strong>cca:</strong></span> <span class='ocrx_word' id='word_1_57' title='bbox 716 937 845 1026; x_wconf 79' lang='grc' dir='ltr'><em>εἴρηται</em></span> <span class='ocrx_word' id='word_1_58' title='bbox 862 937 897 1002; x_wconf 79' lang='grc' dir='ltr'><strong>δὲ</strong></span> <span class='ocrx_word' id='word_1_59' title='bbox 911 935 949 1004; x_wconf 89' lang='grc' dir='ltr'><strong>τό</strong></span> <span class='ocrx_word' id='word_1_60' title='bbox 965 941 1094 1023; x_wconf 77' lang='grc' dir='ltr'><em>βρέχειν</em></span> <span class='ocrx_word' id='word_1_61' title='bbox 1108 938 1162 1002; x_wconf 81' lang='grc' dir='ltr'><strong>καὶ</strong></span> <span class='ocrx_word' id='word_1_62' title='bbox 1180 934 1238 1001; x_wconf 78' lang='grc' dir='ltr'><strong>ἐπὶ</strong></span> 
     </span>
    </p>
   </div>
   <div class='ocr_carea' id='block_1_6' title="bbox 89 1037 871 1231">
    <p class='ocr_par' dir='ltr' id='par_1_6' title="bbox 89 1037 871 1231">
     <span class='ocr_line' id='line_1_8' title="bbox 89 1037 529 1129; baseline -0.016 -17"><span class='ocrx_word' id='word_1_63' title='bbox 89 1049 146 1112; x_wconf 81' lang='grc' dir='ltr'><strong>τοῦ</strong></span> <span class='ocrx_word' id='word_1_64' title='bbox 167 1050 290 1111; x_wconf 89' lang='grc' dir='ltr'><em>πίνειν.</em></span> <span class='ocrx_word' id='word_1_65' title='bbox 328 1037 529 1129; x_wconf 81' lang='grc' dir='ltr'><em>Ἀντιφάνης</em></span> 
     </span>
     <span class='ocr_line' id='line_1_9' title="bbox 217 1141 871 1231; baseline -0.009 -19"><span class='ocrx_word' id='word_1_66' title='bbox 217 1146 269 1212; x_wconf 87' lang='grc' dir='ltr'><strong>δεῖ</strong></span> <span class='ocrx_word' id='word_1_67' title='bbox 289 1142 352 1231; x_wconf 86' lang='grc' dir='ltr'><strong>γὰρ</strong></span> <span class='ocrx_word' id='word_1_68' title='bbox 375 1142 545 1231; x_wconf 78' lang='grc' dir='ltr'><em>φαγόντας</em></span> <span class='ocrx_word' id='word_1_69' title='bbox 567 1141 722 1226; x_wconf 80' lang='grc' dir='ltr'><strong><em>δαψιλῶς</em></strong></span> <span class='ocrx_word' id='word_1_70' title='bbox 742 1145 871 1225; x_wconf 81' lang='grc' dir='ltr'><em>βρέχειν</em></span> 
     </span>
    </p>
   </div>
   <div class='ocr_carea' id='block_1_7' title="bbox 12 1245 893 1333">
    <p class='ocr_par' dir='ltr' id='par_1_7' title="bbox 12 1245 893 1333">
     <span class='ocr_line' id='line_1_10' title="bbox 12 1245 893 1333; baseline -0.011 -13"><span class='ocrx_word' id='word_1_71' title='bbox 12 1291 13 1320; x_wconf 80' lang='grc'>;</span> <span class='ocrx_word' id='word_1_72' title='bbox 90 1250 157 1333; x_wconf 89' lang='lat' dir='ltr'><strong>uel,</strong></span> <span class='ocrx_word' id='word_1_73' title='bbox 180 1251 208 1315; x_wconf 93' lang='lat' dir='ltr'><strong>si</strong></span> <span class='ocrx_word' id='word_1_74' title='bbox 231 1246 394 1314; x_wconf 89' lang='lat' dir='ltr'><strong>Meinekic</strong></span> <span class='ocrx_word' id='word_1_75' title='bbox 417 1246 554 1312; x_wconf 84' lang='lat' dir='ltr'><strong>feliciter</strong></span> <span class='ocrx_word' id='word_1_76' title='bbox 577 1246 673 1312; x_wconf 90' lang='lat' dir='ltr'><strong>cessit</strong></span> <span class='ocrx_word' id='word_1_77' title='bbox 695 1245 893 1327; x_wconf 89' lang='lat' dir='ltr'><strong>coniectura,</strong></span> 
     </span>
    </p>
   </div>
   <div class='ocr_carea' id='block_1_8' title="bbox 90 1324 1168 1532">
    <p class='ocr_par' dir='ltr' id='par_1_8' title="bbox 90 1324 1168 1532">
     <span class='ocr_line' id='line_1_11' title="bbox 219 1324 1168 1434; baseline -0.003 -21"><span class='ocrx_word' id='word_1_78' title='bbox 219 1348 270 1413; x_wconf 80' lang='lat' dir='ltr'><strong>del</strong></span> <span class='ocrx_word' id='word_1_79' title='bbox 290 1345 353 1433; x_wconf 88' lang='grc' dir='ltr'><strong>γὰρ</strong></span> <span class='ocrx_word' id='word_1_80' title='bbox 377 1345 545 1434; x_wconf 75' lang='grc' dir='ltr'><em>φαγόντας</em></span> <span class='ocrx_word' id='word_1_81' title='bbox 569 1342 722 1433; x_wconf 81' lang='grc' dir='ltr'><strong>[φάρυγα]</strong></span> <span class='ocrx_word' id='word_1_82' title='bbox 747 1344 902 1429; x_wconf 77' lang='grc' dir='ltr'><em>δαψιλῶς</em></span> <span class='ocrx_word' id='word_1_83' title='bbox 922 1342 1065 1428; x_wconf 76' lang='grc' dir='ltr'><em>βρέχειν,</em></span> <span class='ocrx_word' id='word_1_84' title='bbox 1155 1324 1168 1340; x_wconf 44' lang='grc'><strong>”</strong></span> 
     </span>
     <span class='ocr_line' id='line_1_12' title="bbox 90 1447 626 1532; baseline -0.011 -14"><span class='ocrx_word' id='word_1_85' title='bbox 90 1453 128 1519; x_wconf 85' lang='lat' dir='ltr'><strong>ci.</strong></span> <span class='ocrx_word' id='word_1_86' title='bbox 145 1451 230 1516; x_wconf 86' lang='lat' dir='ltr'><strong>anal.</strong></span> <span class='ocrx_word' id='word_1_87' title='bbox 247 1451 315 1516; x_wconf 89' lang='lat' dir='ltr'><strong>crit.</strong></span> <span class='ocrx_word' id='word_1_88' title='bbox 332 1448 375 1514; x_wconf 86' lang='lat' dir='ltr'><strong>ad</strong></span> <span class='ocrx_word' id='word_1_89' title='bbox 391 1447 506 1515; x_wconf 87' lang='lat' dir='ltr'><strong>Athen.</strong></span> <span class='ocrx_word' id='word_1_90' title='bbox 530 1469 562 1532; x_wconf 92' lang='lat' dir='ltr'><strong>p.</strong></span> <span class='ocrx_word' id='word_1_91' title='bbox 578 1453 626 1531; x_wconf 86' lang='lat'><strong>11,</strong></span> 
     </span>
    </p>
   </div>
   <div class='ocr_carea' id='block_1_9' title="bbox 13 1543 1242 1636">
    <p class='ocr_par' dir='ltr' id='par_1_9' title="bbox 13 1543 1242 1636">
     <span class='ocr_line' id='line_1_13' title="bbox 13 1543 1242 1636; baseline -0.007 -16"><span class='ocrx_word' id='word_1_92' title='bbox 13 1543 14 1584; x_wconf 66' lang='lat'><em>³</em></span> <span class='ocrx_word' id='word_1_93' title='bbox 90 1572 172 1636; x_wconf 89' lang='lat' dir='ltr'><strong>qnae</strong></span> <span class='ocrx_word' id='word_1_94' title='bbox 195 1551 237 1617; x_wconf 89' lang='lat' dir='ltr'><strong>ad</strong></span> <span class='ocrx_word' id='word_1_95' title='bbox 259 1551 325 1616; x_wconf 87' lang='lat' dir='ltr'><strong>tale</strong></span> <span class='ocrx_word' id='word_1_96' title='bbox 348 1549 516 1617; x_wconf 90' lang='lat' dir='ltr'><strong>consilium</strong></span> <span class='ocrx_word' id='word_1_97' title='bbox 537 1549 730 1633; x_wconf 77' lang='lat' dir='ltr'><strong>pertinuisse</strong></span> <span class='ocrx_word' id='word_1_98' title='bbox 746 1549 954 1633; x_wconf 87' lang='lat' dir='ltr'><strong>suspicemur,</strong></span> <span class='ocrx_word' id='word_1_99' title='bbox 978 1550 1073 1632; x_wconf 92' lang='lat' dir='ltr'><strong>quale</strong></span> <span class='ocrx_word' id='word_1_100' title='bbox 1092 1549 1242 1632; x_wconf 86' lang='lat' dir='ltr'><strong>proponit</strong></span> 
     </span>
    </p>
   </div>
   <div class='ocr_carea' id='block_1_10' title="bbox 89 1651 1242 1939">
    <p class='ocr_par' dir='ltr' id='par_1_10' title="bbox 89 1651 1242 1939">
     <span class='ocr_line' id='line_1_14' title="bbox 89 1651 674 1736; baseline -0.012 -15"><span class='ocrx_word' id='word_1_101' title='bbox 89 1655 204 1722; x_wconf 86' lang='lat' dir='ltr'><strong>Ulixes</strong></span> <span class='ocrx_word' id='word_1_102' title='bbox 227 1651 421 1736; x_wconf 84' lang='lat' dir='ltr'><strong>Euripideus</strong></span> <span class='ocrx_word' id='word_1_103' title='bbox 443 1670 495 1716; x_wconf 90' lang='lat' dir='ltr'><strong>uu.</strong></span> <span class='ocrx_word' id='word_1_104' title='bbox 513 1653 575 1714; x_wconf 81' lang='lat'><strong>573</strong></span> <span class='ocrx_word' id='word_1_105' title='bbox 588 1670 674 1734; x_wconf 89' lang='lat' dir='ltr'><strong>sqq:</strong></span> 
     </span>
     <span class='ocr_line' id='line_1_15' title="bbox 217 1741 1141 1836; baseline -0.003 -18"><span class='ocrx_word' id='word_1_106' title='bbox 217 1741 277 1818; x_wconf 74' lang='grc' dir='ltr'><em>κόν</em></span> <span class='ocrx_word' id='word_1_107' title='bbox 298 1752 359 1835; x_wconf 83' lang='grc' dir='ltr'><em>μὲν</em></span> <span class='ocrx_word' id='word_1_108' title='bbox 383 1751 516 1836; x_wconf 80' lang='grc' dir='ltr'><em>σπάσης</em></span> <span class='ocrx_word' id='word_1_109' title='bbox 537 1773 573 1836; x_wconf 85' lang='grc' dir='ltr'><strong>γε</strong></span> <span class='ocrx_word' id='word_1_110' title='bbox 597 1750 687 1816; x_wconf 87' lang='grc' dir='ltr'><em>δαιτὶ</em></span> <span class='ocrx_word' id='word_1_111' title='bbox 710 1748 797 1834; x_wconf 87' lang='grc' dir='ltr'><em>πρδς</em></span> <span class='ocrx_word' id='word_1_112' title='bbox 820 1751 929 1836; x_wconf 84' lang='grc' dir='ltr'><em>πολλῇ</em></span> <span class='ocrx_word' id='word_1_113' title='bbox 952 1747 1059 1815; x_wconf 83' lang='grc' dir='ltr'><em>πολύν</em></span> <span class='ocrx_word' id='word_1_114' title='bbox 1081 1756 1141 1817; x_wconf 86' lang='lat' dir='ltr'><strong>etc.</strong></span> 
     </span>
     <span class='ocr_line' id='line_1_16' title="bbox 174 1853 1242 1939; baseline -0.005 -18"><span class='ocrx_word' id='word_1_115' title='bbox 174 1857 383 1939; x_wconf 81' lang='lat' dir='ltr'><strong>Interponens</strong></span> <span class='ocrx_word' id='word_1_116' title='bbox 398 1853 452 1918; x_wconf 88' lang='lat' dir='ltr'><strong>hic</strong></span> <span class='ocrx_word' id='word_1_117' title='bbox 467 1854 564 1920; x_wconf 86' lang='lat' dir='ltr'><strong>liceat</strong></span> <span class='ocrx_word' id='word_1_118' title='bbox 579 1854 768 1920; x_wconf 85' lang='lat' dir='ltr'><strong>sententiam</strong></span> <span class='ocrx_word' id='word_1_119' title='bbox 785 1853 825 1920; x_wconf 93' lang='lat' dir='ltr'><strong>de</strong></span> <span class='ocrx_word' id='word_1_120' title='bbox 841 1853 1025 1921; x_wconf 87' lang='lat' dir='ltr'><strong>Matronis</strong></span> <span class='ocrx_word' id='word_1_121' title='bbox 1046 1853 1119 1920; x_wconf 92' lang='lat' dir='ltr'><strong>loco</strong></span> <span class='ocrx_word' id='word_1_122' title='bbox 1130 1855 1153 1931; x_wconf 90' lang='lat'><strong>¹)</strong></span> <span class='ocrx_word' id='word_1_123' title='bbox 1175 1872 1242 1918; x_wconf 94' lang='lat' dir='ltr'><strong>cor-</strong></span> 
     </span>
    </p>
   </div>
   <div class='ocr_carea' id='block_1_11' title="bbox 13 1907 1369 2329">
    <p class='ocr_par' dir='ltr' id='par_1_11' title="bbox 13 1907 1369 2329">
     <span class='ocr_line' id='line_1_17' title="bbox 13 1907 1369 2043; baseline -0.004 -18"><span class='ocrx_word' id='word_1_124' title='bbox 13 1907 14 1930; x_wconf 22' lang='lat'><em>*</em></span> <span class='ocrx_word' id='word_1_125' title='bbox 89 1964 194 2043; x_wconf 88' lang='lat' dir='ltr'><strong>rupto,</strong></span> <span class='ocrx_word' id='word_1_126' title='bbox 219 1958 260 2023; x_wconf 89' lang='lat' dir='ltr'><strong>de</strong></span> <span class='ocrx_word' id='word_1_127' title='bbox 284 1975 347 2039; x_wconf 91' lang='lat' dir='ltr'><strong>quc</strong></span> <span class='ocrx_word' id='word_1_128' title='bbox 370 1954 525 2022; x_wconf 90' lang='lat' dir='ltr'><strong>indicium</strong></span> <span class='ocrx_word' id='word_1_129' title='bbox 548 1955 630 2021; x_wconf 86' lang='lat' dir='ltr'><strong>ferre</strong></span> <span class='ocrx_word' id='word_1_130' title='bbox 653 1955 818 2040; x_wconf 89' lang='lat' dir='ltr'><strong>debemus,</strong></span> <span class='ocrx_word' id='word_1_131' title='bbox 840 1977 892 2040; x_wconf 92' lang='lat' dir='ltr'><strong>ap.</strong></span> <span class='ocrx_word' id='word_1_132' title='bbox 908 1955 1025 2023; x_wconf 85' lang='lat' dir='ltr'><strong>Athen.</strong></span> <span class='ocrx_word' id='word_1_133' title='bbox 1041 1956 1086 2020; x_wconf 92' lang='lat' dir='ltr'><strong>IV</strong></span> <span class='ocrx_word' id='word_1_134' title='bbox 1099 1955 1242 2040; x_wconf 87' lang='lat' dir='ltr'><strong>p.l35h,</strong></span> <span class='ocrx_word' id='word_1_135' title='bbox 1295 1973 1298 1976; x_wconf 86' lang='lat'><em>·</em></span> <span class='ocrx_word' id='word_1_136' title='bbox 1366 1937 1369 1944; x_wconf 30' lang='lat'>¹</span> 
     </span>
     <span class='ocr_line' id='line_1_18' title="bbox 13 2055 1243 2141; baseline -0.006 -14"><span class='ocrx_word' id='word_1_137' title='bbox 13 2075 14 2110; x_wconf 79' lang='lat'>1</span> <span class='ocrx_word' id='word_1_138' title='bbox 90 2062 145 2127; x_wconf 94' lang='lat' dir='ltr'><strong>ubi</strong></span> <span class='ocrx_word' id='word_1_139' title='bbox 167 2059 271 2124; x_wconf 82' lang='lat' dir='ltr'><strong>Metro</strong></span> <span class='ocrx_word' id='word_1_140' title='bbox 299 2055 440 2141; x_wconf 87' lang='lat' dir='ltr'><strong>paredus</strong></span> <span class='ocrx_word' id='word_1_141' title='bbox 470 2076 582 2122; x_wconf 85' lang='lat' dir='ltr'><strong>cenam</strong></span> <span class='ocrx_word' id='word_1_142' title='bbox 604 2057 759 2124; x_wconf 88' lang='lat' dir='ltr'><strong>Xenoclis</strong></span> <span class='ocrx_word' id='word_1_143' title='bbox 786 2058 923 2124; x_wconf 90' lang='lat' dir='ltr'><strong>rhetoris</strong></span> <span class='ocrx_word' id='word_1_144' title='bbox 945 2056 1152 2123; x_wconf 84' lang='lat' dir='ltr'><strong>Atheniensis</strong></span> <span class='ocrx_word' id='word_1_145' title='bbox 1180 2057 1243 2122; x_wconf 86' lang='lat' dir='ltr'><strong>ior·</strong></span> 
     </span>
     <span class='ocr_line' id='line_1_19' title="bbox 13 2157 1244 2254; baseline -0.006 -26"><span class='ocrx_word' id='word_1_146' title='bbox 13 2203 15 2254; x_wconf 69' lang='lat' dir='ltr'>j</span> <span class='ocrx_word' id='word_1_147' title='bbox 89 2162 185 2228; x_wconf 90' lang='lat' dir='ltr'><strong>mulis</strong></span> <span class='ocrx_word' id='word_1_148' title='bbox 197 2157 376 2224; x_wconf 81' lang='lat' dir='ltr'><strong>Homericis</strong></span> <span class='ocrx_word' id='word_1_149' title='bbox 392 2159 564 2240; x_wconf 86' lang='lat' dir='ltr'><strong>exagitatis</strong></span> <span class='ocrx_word' id='word_1_150' title='bbox 579 2159 694 2226; x_wconf 89' lang='lat' dir='ltr'><strong>festiue</strong></span> <span class='ocrx_word' id='word_1_151' title='bbox 709 2159 864 2226; x_wconf 86' lang='lat' dir='ltr'><strong>describit</strong></span> <span class='ocrx_word' id='word_1_152' title='bbox 879 2165 911 2226; x_wconf 89' lang='lat' dir='ltr'><strong>et</strong></span> <span class='ocrx_word' id='word_1_153' title='bbox 925 2178 977 2223; x_wconf 91' lang='lat' dir='ltr'><strong>uu.</strong></span> <span class='ocrx_word' id='word_1_154' title='bbox 991 2160 1030 2220; x_wconf 81' lang='lat'><strong>22</strong></span> <span class='ocrx_word' id='word_1_155' title='bbox 1040 2176 1109 2241; x_wconf 90' lang='lat' dir='ltr'><strong>sqq.</strong></span> <span class='ocrx_word' id='word_1_156' title='bbox 1125 2177 1244 2242; x_wconf 85' lang='lat' dir='ltr'><strong>apuam</strong></span> 
     </span>
     <span class='ocr_line' id='line_1_20' title="bbox 13 2262 228 2329; baseline -0.028 1"><span class='ocrx_word' id='word_1_157' title='bbox 13 2283 14 2288; x_wconf 76' lang='grc'>’</span> <span class='ocrx_word' id='word_1_158' title='bbox 90 2262 228 2329; x_wconf 83' lang='lat' dir='ltr'><strong>inducit:</strong></span> 
     </span>
    </p>
   </div>
   <div class='ocr_carea' id='block_1_12' title="bbox 221 2345 1075 2549">
    <p class='ocr_par' dir='ltr' id='par_1_12' title="bbox 221 2345 1075 2549">
     <span class='ocr_line' id='line_1_21' title="bbox 221 2345 1075 2448; baseline 0.001 -24"><span class='ocrx_word' id='word_1_159' title='bbox 221 2354 241 2445; x_wconf 76' lang='grc' dir='ltr'><em>η</em></span> <span class='ocrx_word' id='word_1_160' title='bbox 267 2358 303 2424; x_wconf 78' lang='grc' dir='ltr'><strong>δὲ</strong></span> <span class='ocrx_word' id='word_1_161' title='bbox 326 2356 490 2446; x_wconf 81' lang='grc' dir='ltr'><em>φαληρικὴ</em></span> <span class='ocrx_word' id='word_1_162' title='bbox 513 2345 595 2444; x_wconf 70' lang='grc' dir='ltr'><strong>ἦλθ’</strong></span> <span class='ocrx_word' id='word_1_163' title='bbox 623 2351 728 2445; x_wconf 81' lang='grc' dir='ltr'><em>ἆφόη,</em></span> <span class='ocrx_word' id='word_1_164' title='bbox 756 2365 924 2442; x_wconf 88' lang='grc' dir='ltr'><em>Τρίτωνας</em></span> <span class='ocrx_word' id='word_1_165' title='bbox 946 2358 1075 2448; x_wconf 78' lang='grc' dir='ltr'><em>ἑταίρη,</em></span> 
     </span>
     <span class='ocr_line' id='line_1_22' title="bbox 222 2454 1025 2549; baseline 0.001 -23"><span class='ocrx_word' id='word_1_166' title='bbox 222 2454 306 2526; x_wconf 79' lang='grc' dir='ltr'><em>όντα</em></span> <span class='ocrx_word' id='word_1_167' title='bbox 328 2458 502 2544; x_wconf 81' lang='grc' dir='ltr'><em>παρειάων</em></span> <span class='ocrx_word' id='word_1_168' title='bbox 525 2458 665 2547; x_wconf 80' lang='grc' dir='ltr'><em>σχομένη</em></span> <span class='ocrx_word' id='word_1_169' title='bbox 689 2457 824 2548; x_wconf 82' lang='grc' dir='ltr'><em>ῥυπαρὰ</em></span> <span class='ocrx_word' id='word_1_170' title='bbox 845 2459 1025 2549; x_wconf 83' lang='grc' dir='ltr'><em>κρήδεμνα,</em></span> 
     </span>
    </p>
   </div>
   <div class='ocr_carea' id='block_1_13' title="bbox 221 2553 1213 2752">
    <p class='ocr_par' dir='ltr' id='par_1_13' title="bbox 221 2553 1213 2752">
     <span class='ocr_line' id='line_1_23' title="bbox 221 2553 1213 2653; baseline 0.005 -27"><span class='ocrx_word' id='word_1_171' title='bbox 221 2560 298 2639; x_wconf 66' lang='lat' dir='ltr'><strong>eobo</strong></span> <span class='ocrx_word' id='word_1_172' title='bbox 321 2553 354 2626; x_wconf 80' lang='grc' dir='ltr'><strong>δ’</strong></span> <span class='ocrx_word' id='word_1_173' title='bbox 374 2556 391 2626; x_wconf 89' lang='grc' dir='ltr'><em>ό</em></span> <span class='ocrx_word' id='word_1_174' title='bbox 408 2560 557 2646; x_wconf 84' lang='grc' dir='ltr'><em>Κύκλωψ</em></span> <span class='ocrx_word' id='word_1_175' title='bbox 580 2558 690 2648; x_wconf 87' lang='grc' dir='ltr'><em>έφίλει</em></span> <span class='ocrx_word' id='word_1_176' title='bbox 711 2563 767 2628; x_wconf 84' lang='grc' dir='ltr'><strong>καὶ</strong></span> <span class='ocrx_word' id='word_1_177' title='bbox 790 2560 824 2628; x_wconf 88' lang='grc' dir='ltr'><em>έν</em></span> <span class='ocrx_word' id='word_1_178' title='bbox 847 2557 979 2647; x_wconf 71' lang='lat' dir='ltr'><strong>odoacro</strong></span> <span class='ocrx_word' id='word_1_179' title='bbox 1002 2561 1213 2653; x_wconf 76' lang='grc' dir='ltr'><em>ἐξεπεφύκει,</em></span> 
     </span>
     <span class='ocr_line' id='line_1_24' title="bbox 222 2650 970 2752; baseline 0.007 -24"><span class='ocrx_word' id='word_1_180' title='bbox 222 2671 325 2742; x_wconf 82' lang='grc' dir='ltr'><em>πίνας</em></span> <span class='ocrx_word' id='word_1_181' title='bbox 346 2650 432 2749; x_wconf 70' lang='grc' dir='ltr'><strong>ἦλθε</strong></span> <span class='ocrx_word' id='word_1_182' title='bbox 454 2663 565 2751; x_wconf 89' lang='grc' dir='ltr'><em>φέρων</em></span> <span class='ocrx_word' id='word_1_183' title='bbox 588 2665 644 2728; x_wconf 88' lang='grc' dir='ltr'><strong>καὶ</strong></span> <span class='ocrx_word' id='word_1_184' title='bbox 665 2657 799 2747; x_wconf 72' lang='lat' dir='ltr'><strong>*diptota</strong></span> <span class='ocrx_word' id='word_1_185' title='bbox 820 2658 970 2752; x_wconf 69' lang='grc' dir='ltr'><em>ἠχήεντα.</em></span> 
     </span>
    </p>
   </div>
   <div class='ocr_carea' id='block_1_14' title="bbox 13 2744 1247 2856">
    <p class='ocr_par' dir='ltr' id='par_1_14' title="bbox 13 2744 1247 2856">
     <span class='ocr_line' id='line_1_25' title="bbox 13 2744 1247 2856; baseline -0.002 -20"><span class='ocrx_word' id='word_1_186' title='bbox 13 2744 14 2828; x_wconf 36' lang='lat' dir='ltr'><strong>i</strong></span> <span class='ocrx_word' id='word_1_187' title='bbox 94 2772 218 2836; x_wconf 91' lang='lat' dir='ltr'><strong>Vocum</strong></span> <span class='ocrx_word' id='word_1_188' title='bbox 240 2769 428 2852; x_wconf 89' lang='lat' dir='ltr'><strong>corruptelis</strong></span> <span class='ocrx_word' id='word_1_189' title='bbox 457 2787 522 2833; x_wconf 91' lang='lat' dir='ltr'><strong>non</strong></span> <span class='ocrx_word' id='word_1_190' title='bbox 550 2767 698 2834; x_wconf 88' lang='lat' dir='ltr'><strong>laborare</strong></span> <span class='ocrx_word' id='word_1_191' title='bbox 726 2769 833 2835; x_wconf 91' lang='lat' dir='ltr'><strong>locum</strong></span> <span class='ocrx_word' id='word_1_192' title='bbox 860 2769 961 2854; x_wconf 89' lang='lat' dir='ltr'><strong>probe</strong></span> <span class='ocrx_word' id='word_1_193' title='bbox 990 2772 1164 2856; x_wconf 88' lang='lat' dir='ltr'><strong>perspiciet</strong></span> <span class='ocrx_word' id='word_1_194' title='bbox 1191 2771 1247 2853; x_wconf 91' lang='lat' dir='ltr'><strong>qui</strong></span> 
     </span>
    </p>
   </div>
   <div class='ocr_carea' id='block_1_15' title="bbox 95 2867 1249 3360">
    <p class='ocr_par' dir='ltr' id='par_1_15' title="bbox 95 2867 1249 3360">
     <span class='ocr_line' id='line_1_26' title="bbox 95 2867 1248 2956; baseline -0.002 -19"><span class='ocrx_word' id='word_1_195' title='bbox 95 2872 237 2956; x_wconf 84' lang='lat' dir='ltr'><strong>priorum</strong></span> <span class='ocrx_word' id='word_1_196' title='bbox 252 2875 349 2951; x_wconf 86' lang='lat' dir='ltr'><strong>atque</strong></span> <span class='ocrx_word' id='word_1_197' title='bbox 365 2869 536 2934; x_wconf 90' lang='lat' dir='ltr'><strong>illustrium</strong></span> <span class='ocrx_word' id='word_1_198' title='bbox 558 2867 795 2953; x_wconf 91' lang='lat' dir='ltr'><strong>philologorum</strong></span> <span class='ocrx_word' id='word_1_199' title='bbox 815 2873 984 2938; x_wconf 86' lang='lat' dir='ltr'><strong>conamina</strong></span> <span class='ocrx_word' id='word_1_200' title='bbox 1005 2872 1248 2956; x_wconf 89' lang='lat' dir='ltr'><strong>perlustrauerit</strong></span> 
     </span>
     <span class='ocr_line' id='line_1_27' title="bbox 96 2969 1247 3057; baseline -0.002 -19"><span class='ocrx_word' id='word_1_201' title='bbox 96 2971 182 3056; x_wconf 89' lang='lat' dir='ltr'><strong>apud</strong></span> <span class='ocrx_word' id='word_1_202' title='bbox 198 2969 499 3055; x_wconf 83' lang='lat' dir='ltr'><strong>Schweighaeuser.</strong></span> <span class='ocrx_word' id='word_1_203' title='bbox 514 2970 727 3038; x_wconf 84' lang='lat' dir='ltr'><strong>animaduers.</strong></span> <span class='ocrx_word' id='word_1_204' title='bbox 744 2973 778 3037; x_wconf 94' lang='lat' dir='ltr'><strong>in</strong></span> <span class='ocrx_word' id='word_1_205' title='bbox 792 2971 909 3039; x_wconf 93' lang='lat' dir='ltr'><strong>Athen.</strong></span> <span class='ocrx_word' id='word_1_206' title='bbox 925 2973 957 3037; x_wconf 92' lang='grc' dir='ltr'><strong>ΙΙ</strong></span> <span class='ocrx_word' id='word_1_207' title='bbox 971 2994 1002 3057; x_wconf 93' lang='lat' dir='ltr'><strong>p.</strong></span> <span class='ocrx_word' id='word_1_208' title='bbox 1013 2975 1157 3056; x_wconf 79' lang='lat' dir='ltr'><strong>430sqq.</strong></span> <span class='ocrx_word' id='word_1_209' title='bbox 1174 2991 1247 3037; x_wconf 92' lang='lat' dir='ltr'><strong>con·</strong></span> 
     </span>
     <span class='ocr_line' id='line_1_28' title="bbox 97 3070 1247 3158; baseline -0.001 -17"><span class='ocrx_word' id='word_1_210' title='bbox 97 3079 202 3158; x_wconf 78' lang='lat' dir='ltr'><strong>geste,</strong></span> <span class='ocrx_word' id='word_1_211' title='bbox 231 3073 419 3138; x_wconf 80' lang='lat' dir='ltr'><strong>lacunosum</strong></span> <span class='ocrx_word' id='word_1_212' title='bbox 442 3090 512 3138; x_wconf 88' lang='lat' dir='ltr'><strong>esse</strong></span> <span class='ocrx_word' id='word_1_213' title='bbox 540 3070 623 3137; x_wconf 93' lang='lat' dir='ltr'><strong>uidit</strong></span> <span class='ocrx_word' id='word_1_214' title='bbox 644 3071 841 3157; x_wconf 88' lang='lat' dir='ltr'><strong>Meinekius,</strong></span> <span class='ocrx_word' id='word_1_215' title='bbox 873 3075 928 3156; x_wconf 92' lang='lat' dir='ltr'><strong>qui</strong></span> <span class='ocrx_word' id='word_1_216' title='bbox 950 3094 980 3140; x_wconf 90' lang='lat' dir='ltr'><strong>u.</strong></span> <span class='ocrx_word' id='word_1_217' title='bbox 997 3077 1037 3137; x_wconf 81' lang='lat'><strong>24</strong></span> <span class='ocrx_word' id='word_1_218' title='bbox 1061 3079 1092 3140; x_wconf 88' lang='lat' dir='ltr'><strong>et</strong></span> <span class='ocrx_word' id='word_1_219' title='bbox 1113 3094 1134 3140; x_wconf 86' lang='lat' dir='ltr'>a</span> <span class='ocrx_word' id='word_1_220' title='bbox 1155 3093 1247 3157; x_wconf 84' lang='lat' dir='ltr'><strong>prae·</strong></span> 
     </span>
     <span class='ocr_line' id='line_1_29' title="bbox 97 3172 1249 3259; baseline 0.001 -18"><span class='ocrx_word' id='word_1_221' title='bbox 97 3175 216 3258; x_wconf 81' lang='lat' dir='ltr'><strong>gressis</strong></span> <span class='ocrx_word' id='word_1_222' title='bbox 236 3172 392 3239; x_wconf 85' lang='lat' dir='ltr'><strong>disiunxit</strong></span> <span class='ocrx_word' id='word_1_223' title='bbox 413 3179 446 3239; x_wconf 89' lang='lat' dir='ltr'><strong>et</strong></span> <span class='ocrx_word' id='word_1_224' title='bbox 467 3174 500 3238; x_wconf 90' lang='lat' dir='ltr'><strong>in</strong></span> <span class='ocrx_word' id='word_1_225' title='bbox 522 3173 603 3240; x_wconf 91' lang='lat' dir='ltr'><strong>duos</strong></span> <span class='ocrx_word' id='word_1_226' title='bbox 625 3193 736 3240; x_wconf 88' lang='lat' dir='ltr'><strong>uersus</strong></span> <span class='ocrx_word' id='word_1_227' title='bbox 752 3174 937 3259; x_wconf 88' lang='lat' dir='ltr'><strong>dispescuit,</strong></span> <span class='ocrx_word' id='word_1_228' title='bbox 961 3195 1096 3258; x_wconf 91' lang='lat' dir='ltr'><strong>quorum</strong></span> <span class='ocrx_word' id='word_1_229' title='bbox 1117 3177 1249 3242; x_wconf 90' lang='lat' dir='ltr'><strong>alterius</strong></span> 
     </span>
     <span class='ocr_line' id='line_1_30' title="bbox 98 3275 1248 3360; baseline 0.003 -20"><span class='ocrx_word' id='word_1_230' title='bbox 98 3277 237 3359; x_wconf 91' lang='lat' dir='ltr'><strong>initium,</strong></span> <span class='ocrx_word' id='word_1_231' title='bbox 267 3276 389 3340; x_wconf 86' lang='lat' dir='ltr'><strong>exitum</strong></span> <span class='ocrx_word' id='word_1_232' title='bbox 410 3276 542 3341; x_wconf 85' lang='lat' dir='ltr'><strong>alterius</strong></span> <span class='ocrx_word' id='word_1_233' title='bbox 566 3276 698 3341; x_wconf 70' lang='lat' dir='ltr'><strong>censuit.</strong></span> <span class='ocrx_word' id='word_1_234' title='bbox 742 3275 813 3342; x_wconf 89' lang='lat' dir='ltr'><strong>Hac</strong></span> <span class='ocrx_word' id='word_1_235' title='bbox 841 3276 895 3341; x_wconf 87' lang='lat' dir='ltr'><strong>uia</strong></span> <span class='ocrx_word' id='word_1_236' title='bbox 920 3277 1128 3360; x_wconf 81' lang='lat' dir='ltr'><strong>pergentibus</strong></span> <span class='ocrx_word' id='word_1_237' title='bbox 1151 3296 1248 3360; x_wconf 85' lang='lat' dir='ltr'><strong>expc-</strong></span> 
     </span>
    </p>
   </div>
   <div class='ocr_carea' id='block_1_16' title="bbox 9 3369 1248 3468">
    <p class='ocr_par' dir='ltr' id='par_1_16' title="bbox 9 3369 1248 3468">
     <span class='ocr_line' id='line_1_31' title="bbox 9 3369 1248 3468; baseline -0.001 -24"><span class='ocrx_word' id='word_1_238' title='bbox 9 3393 11 3468; x_wconf 59' lang='lat' dir='ltr'><strong>l</strong></span> <span class='ocrx_word' id='word_1_239' title='bbox 97 3377 251 3444; x_wconf 89' lang='lat' dir='ltr'><strong>diendum</strong></span> <span class='ocrx_word' id='word_1_240' title='bbox 275 3382 324 3443; x_wconf 89' lang='lat' dir='ltr'><strong>cst</strong></span> <span class='ocrx_word' id='word_1_241' title='bbox 345 3377 455 3460; x_wconf 88' lang='lat' dir='ltr'><strong>nobis,</strong></span> <span class='ocrx_word' id='word_1_242' title='bbox 484 3375 562 3459; x_wconf 93' lang='lat' dir='ltr'><strong>quid</strong></span> <span class='ocrx_word' id='word_1_243' title='bbox 586 3376 801 3460; x_wconf 89' lang='lat' dir='ltr'><strong>supplendum</strong></span> <span class='ocrx_word' id='word_1_244' title='bbox 822 3379 864 3445; x_wconf 90' lang='lat' dir='ltr'><strong>sit</strong></span> <span class='ocrx_word' id='word_1_245' title='bbox 885 3378 928 3444; x_wconf 87' lang='lat' dir='ltr'><strong>ad</strong></span> <span class='ocrx_word' id='word_1_246' title='bbox 950 3377 1050 3444; x_wconf 92' lang='lat' dir='ltr'><strong>uerba</strong></span> <span class='ocrx_word' id='word_1_247' title='bbox 1071 3374 1149 3454; x_wconf 78' lang='grc' dir='ltr'><em>τοὺς</em></span> <span class='ocrx_word' id='word_1_248' title='bbox 1171 3369 1204 3441; x_wconf 77' lang='grc' dir='ltr'><strong>δ’</strong></span> <span class='ocrx_word' id='word_1_249' title='bbox 1230 3371 1248 3443; x_wconf 80' lang='grc' dir='ltr'><strong><em>ὅ</em></strong></span> 
     </span>
    </p>
   </div>
   <div class='ocr_carea' id='block_1_17' title="bbox 9 3475 1249 3564">
    <p class='ocr_par' dir='ltr' id='par_1_17' title="bbox 9 3475 1249 3564">
     <span class='ocr_line' id='line_1_32' title="bbox 9 3475 1249 3564; baseline 0.003 -22"><span class='ocrx_word' id='word_1_250' title='bbox 9 3511 10 3518; x_wconf 44' lang='lat'>1</span> <span class='ocrx_word' id='word_1_251' title='bbox 100 3477 249 3562; x_wconf 81' lang='grc' dir='ltr'><em>Κύκλωψ</em></span> <span class='ocrx_word' id='word_1_252' title='bbox 262 3475 381 3563; x_wconf 77' lang='grc' dir='ltr'><em>ἐφίλει.</em></span> <span class='ocrx_word' id='word_1_253' title='bbox 409 3478 504 3558; x_wconf 80' lang='lat' dir='ltr'><strong>Quod</strong></span> <span class='ocrx_word' id='word_1_254' title='bbox 520 3478 640 3560; x_wconf 85' lang='lat' dir='ltr'><strong>cogitet</strong></span> <span class='ocrx_word' id='word_1_255' title='bbox 651 3478 812 3563; x_wconf 89' lang='lat' dir='ltr'><strong>quispiam</strong></span> <span class='ocrx_word' id='word_1_256' title='bbox 827 3485 859 3544; x_wconf 90' lang='lat' dir='ltr'><strong>et</strong></span> <span class='ocrx_word' id='word_1_257' title='bbox 873 3480 938 3563; x_wconf 93' lang='lat' dir='ltr'><strong>ipsi</strong></span> <span class='ocrx_word' id='word_1_258' title='bbox 953 3481 1165 3564; x_wconf 89' lang='lat' dir='ltr'><strong>cogitauimus</strong></span> <span class='ocrx_word' id='word_1_259' title='bbox 1177 3480 1249 3546; x_wconf 92' lang='lat' dir='ltr'><strong>sub·</strong></span> 
     </span>
    </p>
   </div>
   <div class='ocr_carea' id='block_1_18' title="bbox 9 3580 1252 3876">
    <p class='ocr_par' dir='ltr' id='par_1_18' title="bbox 9 3580 1252 3888">
     <span class='ocr_line' id='line_1_33' title="bbox 9 3580 1250 3670; baseline 0.002 -23"><span class='ocrx_word' id='word_1_260' title='bbox 9 3589 11 3670; x_wconf 78' lang='grc' dir='ltr'>ξ</span> <span class='ocrx_word' id='word_1_261' title='bbox 102 3600 170 3648; x_wconf 89' lang='lat' dir='ltr'><strong>esse</strong></span> <span class='ocrx_word' id='word_1_262' title='bbox 186 3581 367 3664; x_wconf 80' lang='lat' dir='ltr'><strong>Galateam,</strong></span> <span class='ocrx_word' id='word_1_263' title='bbox 390 3580 580 3664; x_wconf 85' lang='lat' dir='ltr'><strong>pracsertim</strong></span> <span class='ocrx_word' id='word_1_264' title='bbox 596 3599 668 3646; x_wconf 90' lang='lat' dir='ltr'><strong>cum</strong></span> <span class='ocrx_word' id='word_1_265' title='bbox 683 3581 781 3646; x_wconf 89' lang='lat' dir='ltr'><strong>ceteri</strong></span> <span class='ocrx_word' id='word_1_266' title='bbox 803 3582 909 3665; x_wconf 89' lang='lat' dir='ltr'><strong>pisces</strong></span> <span class='ocrx_word' id='word_1_267' title='bbox 927 3583 1110 3650; x_wconf 91' lang='lat' dir='ltr'><strong>nominibus</strong></span> <span class='ocrx_word' id='word_1_268' title='bbox 1124 3583 1250 3668; x_wconf 88' lang='lat' dir='ltr'><strong>mytho·</strong></span> 
     </span>
     <span class='ocr_line' id='line_1_34' title="bbox 102 3673 1251 3771; baseline -0.001 -24.075"><span class='ocrx_word' id='word_1_269' title='bbox 102 3683 215 3767; x_wconf 87' lang='lat' dir='ltr'><strong>logicis</strong></span> <span class='ocrx_word' id='word_1_270' title='bbox 229 3684 340 3749; x_wconf 82' lang='lat' dir='ltr'><strong>iocose</strong></span> <span class='ocrx_word' id='word_1_271' title='bbox 356 3683 568 3766; x_wconf 79' lang='lat' dir='ltr'><strong>insigniuntur</strong></span> <span class='ocrx_word' id='word_1_272' title='bbox 582 3702 612 3748; x_wconf 94' lang='lat' dir='ltr'><strong>u.</strong></span> <span class='ocrx_word' id='word_1_273' title='bbox 626 3683 681 3747; x_wconf 79' lang='lat'><strong>22:</strong></span> <span class='ocrx_word' id='word_1_274' title='bbox 706 3673 796 3768; x_wconf 78' lang='grc' dir='ltr'><em>αἰφόη</em></span> <span class='ocrx_word' id='word_1_275' title='bbox 812 3717 853 3726; x_wconf 92' lang='lat'><strong>—-</strong></span> <span class='ocrx_word' id='word_1_276' title='bbox 865 3687 1032 3770; x_wconf 88' lang='grc' dir='ltr'><em>Τρίτωνος</em></span> <span class='ocrx_word' id='word_1_277' title='bbox 1048 3680 1171 3771; x_wconf 77' lang='grc' dir='ltr'><em>ἑταίρη,</em></span> <span class='ocrx_word' id='word_1_278' title='bbox 1191 3686 1251 3748; x_wconf 81' lang='grc'><strong>.33;</strong></span> 
     </span>
     <span class='ocr_line' id='line_1_35' title="bbox 9 3774 1252 3876; baseline -0.002 -27"><span class='ocrx_word' id='word_1_279' title='bbox 9 3855 11 3876; x_wconf 25' lang='grc' dir='ltr'><em>η</em></span> <span class='ocrx_word' id='word_1_280' title='bbox 105 3789 207 3872; x_wconf 90' lang='grc' dir='ltr'><em>σηπίη</em></span> <span class='ocrx_word' id='word_1_281' title='bbox 223 3819 264 3830; x_wconf 92' lang='grc'>-</span> <span class='ocrx_word' id='word_1_282' title='bbox 279 3781 377 3858; x_wconf 80' lang='grc' dir='ltr'><em>Θέτις</em></span> <span class='ocrx_word' id='word_1_283' title='bbox 394 3774 617 3869; x_wconf 74' lang='grc' dir='ltr'><em>ἀργυρόπεζα,</em></span> <span class='ocrx_word' id='word_1_284' title='bbox 649 3787 704 3849; x_wconf 82' lang='lat'><strong>36:</strong></span> <span class='ocrx_word' id='word_1_285' title='bbox 726 3778 920 3873; x_wconf 89' lang='grc' dir='ltr'><em>γόγγρος-</em></span> <span class='ocrx_word' id='word_1_286' title='bbox 940 3783 1075 3865; x_wconf 85' lang='grc' dir='ltr'><em>Τιταός,</em></span> <span class='ocrx_word' id='word_1_287' title='bbox 1100 3787 1155 3849; x_wconf 86' lang='lat'><strong>50:</strong></span> <span class='ocrx_word' id='word_1_288' title='bbox 1177 3806 1252 3848; x_wconf 86' lang='grc' dir='ltr'><em>τεν·</em></span> 
     </span>
    </p>
   </div>
   <div class='ocr_carea' id='block_1_19' title="bbox 192 3999 966 4068">
    <p class='ocr_par' dir='ltr' id='par_1_19' title="bbox 192 3999 966 4068">
     <span class='ocr_line' id='line_1_36' title="bbox 192 3999 966 4068; baseline -0.001 -11"><span class='ocrx_word' id='word_1_289' title='bbox 192 4009 215 4068; x_wconf 77' lang='grc'><strong>1)</strong></span> <span class='ocrx_word' id='word_1_290' title='bbox 232 4001 315 4057; x_wconf 88' lang='lat' dir='ltr'><strong>Hunc</strong></span> <span class='ocrx_word' id='word_1_291' title='bbox 333 4002 423 4056; x_wconf 88' lang='lat' dir='ltr'><strong>locum</strong></span> <span class='ocrx_word' id='word_1_292' title='bbox 442 3999 569 4055; x_wconf 88' lang='lat' dir='ltr'><strong>debemus</strong></span> <span class='ocrx_word' id='word_1_293' title='bbox 588 4000 703 4057; x_wconf 79' lang='lat' dir='ltr'><strong>Grsfii</strong></span> <span class='ocrx_word' id='word_1_294' title='bbox 721 4003 806 4057; x_wconf 87' lang='lat' dir='ltr'><strong>nostri</strong></span> <span class='ocrx_word' id='word_1_295' title='bbox 824 3999 966 4056; x_wconf 87' lang='lat' dir='ltr'><strong>amicitiae.</strong></span> 
     </span>
    </p>
   </div>
   <div class='ocr_carea' id='block_1_20' title="bbox 0 0 1531 4672">
    <p class='ocr_par' dir='ltr' id='par_1_20' title="bbox 0 0 1531 4672">
     <span class='ocr_line' id='line_1_37' title="bbox 0 0 1531 4672; baseline 0 0"><span class='ocrx_word' id='word_1_296' title='bbox 0 0 1531 4672; x_wconf 95' lang='lat' dir='ltr'><strong> </strong></span> 
     </span>
    </p>
   </div>
  </div>
 </body>
</html>
