3028 4672
478 223 520 279 lle
537 223 702 294 Polyphemo
720 228 748 280 et
766 225 887 280 Galatea.
1199 228 1258 291 167

103 397 195 464 docti
218 397 269 473 (of.
286 397 410 463 Welok.
427 397 448 461 l.
460 397 481 460 l.
498 416 528 480 p.
542 397 617 474 286)
634 396 775 464 Aristiae
791 397 966 484 Cyclopem
981 399 1145 484 Euripidis
1160 401 1260 469 fuisse

103 498 289 582 exemplar,
318 517 453 581 qnorum
482 505 650 583 poetarum
673 501 872 583 cognationis
900 500 1033 566 allatum
1062 508 1111 567 est
1138 523 1158 568 a
1180 504 1259 570 Mei·

101 599 204 666 nehio
233 600 458 666 documentum
487 599 549 666 hoo
573 591 689 664 Ἅιδου
718 590 901 686 ’τραπεζεύς
927 601 1023 667 Arist.
1038 602 1126 686 apud
1140 603 1257 671 Athen.

102 701 168 766 XV
188 721 221 784 p.
237 702 329 766 686ο
357 702 493 779 (Nauck.
510 702 546 767 ir.
565 705 612 778 3):
639 694 752 767 Ἅιδου
773 698 932 784 μάγειρος
953 703 1028 767 Eur.
1045 703 1133 787 Oyol.
1151 706 1213 768 397
1226 709 1257 784 ¹).

103 802 215 868 Unum
228 809 336 867 tamen
351 803 564 886 fragmentum
579 804 719 870 Aristiae
735 803 871 886 Cyclopi
894 823 957 869 non
979 804 1048 871 sine
1063 805 1174 888 aliqua
1188 808 1258 872 ucri

102 904 215 987 specie
229 903 464 970 uindicabimus
479 907 620 971 incertae
636 904 723 971 sedis
740 902 826 988 quod
841 903 954 970 laudat
968 904 1083 972 Athen.
1097 906 1128 971 II
1143 927 1174 991 p.
1187 908 1257 973 oob

101 1005 241 1080 (Nauck.
258 1005 294 1069 fr.
308 1007 355 1089 6),
378 1007 435 1072 ubi
457 1006 498 1070 de
520 1007 627 1090 fungis
647 1007 781 1090 exponit
802 1024 906 1088 ganeo

329 1103 467 1188 μύκαισι
490 1097 521 1169 δ’
548 1098 692 1192 ὠρέχθει
714 1103 751 1171 τὸ
776 1103 890 1170 λάϊνον
912 1103 1033 1185 πέδον,

99 1207 201 1291 paulo
230 1208 399 1274 uerbosius
427 1207 514 1275 idem
543 1209 689 1275 Eustath.
711 1229 743 1294 p.
758 1210 850 1290 1017,
865 1210 963 1291 13sq.
1013 1208 1079 1276 Sed
1109 1214 1256 1294 quamuis

100 1309 158 1374 hio
180 1309 300 1375 diserte
322 1315 456 1376 testetur
477 1309 519 1376 de
541 1311 648 1394 fungis
669 1329 849 1377 sermonem
873 1329 958 1393 osse,
982 1310 1068 1393 qnod
1090 1331 1155 1378 non
1177 1315 1258 1380 mul·

100 1416 170 1474 tum
192 1412 289 1493 ualet,
313 1413 464 1494 quoniam
485 1412 690 1502 Athenaeum
714 1412 893 1494 exscripsit,
918 1413 1079 1493 quomodo
1102 1415 1135 1478 in
1158 1417 1257 1482 talem

100 1531 260 1578 conexum
286 1513 375 1597 iungi
405 1513 626 1580 inculcentur?
671 1513 713 1577 Et
735 1531 915 1595 cognouere
944 1514 1009 1578 iam
1038 1513 1167 1597 pridem
1194 1519 1257 1582 uiri

99 1614 190 1678 docti
206 1633 328 1680 errasse
339 1615 558 1698 Athenaeum
582 1633 680 1697 quare
692 1611 960 1679 Schneidewinus
975 1614 1105 1696 scripsit
1118 1629 1257 1696 μοκαῑοι

98 1736 120 1780 a
142 1713 226 1799 μοκή
248 1707 427 1800 ‘mugitus',
451 1737 534 1800 quae
556 1736 622 1782 uox
644 1716 762 1798 legitur
779 1713 871 1810 apud
889 1714 996 1798 Apoll.
1012 1714 1118 1782 Rhod.
1134 1717 1255 1802 Argon.

98 1817 155 1899 IV,
172 1820 252 1882 1285
276 1838 296 1883 a
318 1817 493 1884 scholiasta
509 1817 671 1901 explicata
693 1836 751 1899 per
773 1811 857 1900 ἦχοι,
876 1813 1043 1902 μοκήοεις.
1077 1815 1180 1894 Quam
1202 1841 1255 1888 ao-

98 1924 212 1984 centus
234 1920 443 1986 multationem
466 1921 493 1986 si
515 1920 706 2004 accipimus,
736 1919 895 1985 sententia
917 1918 1028 1984 euadit
1050 1918 1146 1986 haec:
1174 1914 1255 1988 ‘mu-

98 2019 220 2102 gitibus
242 2028 350 2087 autem
372 2023 529 2088 fremebat
551 2039 686 2088 saxeum
700 2012 832 2105 solum',
856 2019 943 2103 qnod
958 2021 986 2086 si
1004 2019 1046 2088 de
1061 2021 1255 2106 Polyphemi
1309 2063 1311 2066 ·

97 2126 192 2189 antro
208 2122 342 2208 dicatur,
365 2145 460 2191 nemo
476 2122 627 2189 offendat.
662 2123 793 2187 Poterat
807 2128 915 2188 autem
933 2119 994 2186 hoc
1016 2122 1050 2184 in
1071 2126 1254 2192 narratione

97 2224 211 2306 aliqua
226 2229 279 2292 uel
295 2227 511 2311 descriptione
532 2224 679 2308 proferri,
703 2225 832 2306 qualem
856 2242 906 2288 ex.
922 2241 969 2303 gr.
993 2220 1124 2287 incohat
1138 2224 1253 2294 Ulixes

98 2326 190 2410 Cyol.
206 2329 279 2393 Eur.
296 2349 347 2394 uu.
362 2330 503 2409 382sqq.
537 2326 608 2391 Hoc
623 2327 651 2391 si
665 2345 787 2408 uerum,
811 2326 971 2408 poteritne
987 2323 1169 2392 coniectura
1184 2326 1254 2395 fieri

97 2428 141 2493 do
169 2431 321 2512 gregibus
343 2428 561 2514 Polyphemi?
598 2427 773 2508 μυκᾶσθαι
802 2424 887 2489 enim
916 2430 949 2488 et
976 2423 1153 2510 μυκηθμός
1181 2436 1254 2494 sunt

97 2532 258 2598 uocabula
279 2532 376 2596 boum
391 2531 530 2614 mugitus
546 2528 635 2612 apud
649 2528 825 2593 Homerum
849 2523 922 2600 (Od.
938 2526 980 2609 X,
994 2529 1066 2591 413.
1090 2527 1164 2613 XII,
1178 2532 1253 2607 265)

95 2633 239 2717 propria,
263 2633 389 2698 etiamsi
409 2632 545 2697 aliorum
561 2649 689 2713 quoque
705 2629 893 2705 animalium
908 2628 1081 2695 clamorem
1095 2629 1157 2698 hae
1172 2651 1252 2700 uoce

96 2734 272 2819 significari
301 2753 365 2798 non
393 2734 562 2798 nescimus.
607 2730 718 2808 Quid?
753 2731 868 2796 Nonne
897 2731 962 2795 iam
983 2730 1120 2798 Aristius
1148 2735 1253 2816 potuit

96 2836 158 2902 hac
173 2838 207 2901 in
222 2855 257 2900 re
273 2835 314 2900 ab
330 2835 464 2900 Homeri
486 2835 668 2899 narratione
689 2831 870 2915 deflectere,
894 2837 930 2896 ut
952 2832 1049 2897 etiam
1071 2833 1172 2900 boues
1195 2834 1252 2899 ad·

95 2938 188 3004 deret
202 2935 397 3018 Polyphemi
413 2934 573 3019 gregibus,
597 2933 632 2998 id
647 2934 735 3016 quod
749 2936 791 3002 ab
807 2932 962 3017 Euripide
984 2933 1104 2998 iactum
1127 2933 1251 3000 uidebi-

95 3039 190 3106 mus?
225 3036 292 3104 Sed
308 3039 431 3104 cautius
447 3037 507 3102 erit
521 3034 603 3100 nihil
617 3036 679 3102 nisi
695 3035 860 3121 Euripidis
875 3034 975 3100 uerba
990 3054 1020 3099 u.
1035 3036 1111 3098 426:
1135 3031 1251 3119 ἐπήχει

94 3134 127 3205 d‘
148 3134 268 3224 ἄντρον
290 3140 325 3204 in
347 3139 620 3222 comparationem
643 3157 760 3203 uocare
784 3137 834 3215 (of.
852 3136 944 3200 Hom.
961 3133 1022 3202 Od.
1038 3133 1096 3219 IX,
1114 3137 1199 3215 395).

639 3326 658 3399 §
681 3325 710 3386 2.

421 3462 478 3526 De
502 3456 714 3540 Euripidis
738 3456 927 3540 Cyclope.
1062 3475 1067 3480 ’

180 3599 250 3664 Iam
271 3599 347 3663 licet
368 3597 498 3661 tandem
521 3593 694 3676 aliquando
717 3591 807 3658 firmo
830 3592 915 3676 pede
941 3594 1088 3661 insistere
1112 3602 1143 3662 ct
1165 3597 1249 3682 frag-

91 3703 212 3768 mentis
234 3697 474 3782 agglutinandis
497 3694 724 3782 supersedere,
756 3696 907 3777 quoniam
930 3697 985 3760 uni
1008 3705 1093 3763 certe
1119 3698 1249 3765 fabulae

91 3819 298 3830 -.-.---.--

179 3888 202 3948 1)
220 3882 298 3952 Quod
310 3881 470 3936 Welckerus
482 3896 508 3948 p.
521 3883 571 3933 302
584 3878 707 3946 addebat,
720 3879 796 3934 nisus
808 3851 868 3934 esse
882 3893 1012 3948 peruersa
1023 3878 1139 3934 lectione
1147 3879 1247 3936 Athen.

88 3972 133 4029 Vl
149 3987 178 4041 p.
189 3973 260 4024 libo
278 3969 394 4024 uidetur.
