2998 4674
469 225 511 280 De
528 225 693 295 Polyphemo
711 232 739 281 et
757 225 879 282 Galatea.
1187 225 1249 286 309

96 400 199 464 Etiam
224 404 351 464 cantum
381 399 592 465 intermittens
615 400 808 484 conspicitur
829 400 917 484 apud
939 400 1067 483 Helbig.
1090 401 1248 484 nr.1048;

94 503 126 564 in
141 499 321 584 anaglyph.
337 500 405 564 nill.
422 501 495 566 Alb.
518 501 653 584 (Zoega:
677 503 818 569 Bassiril.
835 503 877 586 Π,
894 506 955 577 57).
992 502 1121 568 Manum
1141 507 1248 566 autem

94 603 228 668 tendere
245 608 371 666 amatae
387 603 600 686 imaginamur
614 602 801 670 Philostrati
817 604 991 687 Cyclopem
1013 603 1098 670 hunc
1120 623 1249 669 sensum

94 705 291 790 subicientes
313 705 412 770 uerbo
436 696 629 790 αἰφιστορῶν
651 697 810 786 (ἀπὸτοῦ
829 698 985 789 dpovgb).
1022 705 1086 772 Ubi
1108 710 1248 788 praeter-

94 814 186 872 uecta
218 808 280 872 erIt
308 806 468 892 nympha,
502 829 616 874 canere
646 808 778 894 incipiet
806 808 955 886 miseram
984 808 1176 874 cantilenam
1207 806 1249 872 de

93 908 240 992 fugiente
262 908 408 974 Galatea.

177 1011 231 1076 De
249 1011 344 1075 tertia
358 1017 464 1076 autem
482 1011 614 1094 offensa,
638 1031 733 1094 quam
756 1013 851 1078 nlmis
874 1013 1025 1095 suspicax
1047 1018 1080 1077 et
1101 1014 1247 1077 iucantus

93 1111 351 1178 Friederchsius
380 1113 540 1196 prioribus
568 1113 712 1195 addidit,
742 1114 828 1196 quod
856 1114 1012 1181 Galateae
1042 1115 1187 1199 positura
1215 1119 1248 1179 et

93 1235 162 1279 oum
179 1222 315 1280 naturae
330 1214 404 1297 lege
418 1220 577 1297 pugnaret
599 1221 631 1280 et
652 1236 693 1281 ne
716 1216 802 1280 olare
825 1216 955 1297 quidem
979 1238 997 1282 e
1019 1216 1157 1282 rhetoris
1178 1237 1246 1283 ora-

92 1317 177 1382 tione
201 1323 385 1401 appareret,
408 1319 472 1382 iarn
490 1317 615 1400 pridem
631 1339 651 1382 a
666 1319 778 1400 peritis
793 1319 1026 1384 conclamatum
1049 1326 1107 1403 est,
1131 1318 1246 1401 quibus

91 1420 162 1500 ipsa
190 1420 253 1484 illa
280 1420 425 1502 positura
454 1440 564 1486 omnes
592 1420 795 1485 amoenitatis
823 1439 971 1485 numeros
999 1439 1078 1502 prae
1105 1440 1140 1486 se
1162 1421 1246 1485 ferre

92 1521 242 1603 uidetur,
256 1540 339 1602 quae
362 1522 427 1586 iam
448 1520 508 1586 fuit
530 1523 689 1587 sententia
710 1520 814 1586 Iahnii
837 1521 939 1604 symb.
955 1519 1041 1587 arch.
1064 1543 1096 1605 p.
1110 1524 1183 1602 415,
1206 1521 1246 1586 of.

90 1623 208 1688 Brunn.
228 1623 333 1706 suppl.
349 1623 393 1687 IV
407 1644 439 1706 p.
452 1625 511 1686 192
519 1643 566 1705 sq.
583 1624 662 1705 2583
685 1622 814 1704 Helbig.
831 1623 933 1705 symb.
950 1623 1050 1688 Bonn.
1067 1644 1097 1707 p.
1112 1625 1169 1686 371
1180 1642 1246 1705 sq.;

92 1724 252 1791 Foerster.
269 1725 301 1788 iu
316 1724 475 1790 Fleckeis.
492 1725 597 1789 annal.
619 1725 681 1789 uol.
695 1723 770 1789 clx
785 1745 816 1806 p.
827 1728 898 1788 462.
936 1725 1126 1790 Potuisse
1149 1724 1247 1807 igitur

90 1827 250 1908 picturam
273 1826 416 1909 aliquam
436 1825 622 1892 Philostrati
644 1825 853 1909 descriptioni
876 1827 1008 1893 subesse
1032 1832 1164 1892 constat.
1202 1827 1245 1892 At

90 1928 200 1995 dicunt
224 1928 385 2011 permulta
407 1949 449 1992 ex
470 1934 637 2010 poetarum
660 1927 882 1994 recordatione
908 1928 1058 2013 fluxisse,
1086 1950 1126 1995 ao
1153 1929 1244 1994 iuxta

90 2032 197 2113 posuit
214 2029 469 2096 Friedericbsius
486 2030 657 2108 (Fleckeis.
673 2032 778 2096 annal.
795 2031 933 2114 supplv
949 2051 979 2112 p.
992 2034 1051 2092 145
1059 2033 1120 2112 sq.)
1136 2029 1244 2095 Philo-

91 2135 180 2198 strati
196 2139 231 2198 et
245 2139 421 2216 poetarum,
436 2131 570 2197 Homeri
584 2139 616 2198 et
627 2131 801 2214 Theocriti,
817 2133 915 2198 locos.
944 2132 1053 2197 Potuit
1066 2132 1160 2213 plura
1171 2152 1245 2197 oon-

90 2234 172 2302 ferre
187 2235 242 2312 (cf.
259 2233 382 2300 Iacobs.
396 2233 439 2298 ad
450 2232 600 2299 Philostr.
613 2235 707 2317 imag.
724 2254 755 2317 p.
769 2237 827 2297 501
838 2235 929 2316 squ).
963 2233 1146 2298 Admonent
1161 2234 1245 2300 enim

89 2337 204 2404 uerba:
229 2338 347 2421 χαίτην
363 2325 528 2398 ἀνασείων
542 2329 650 2418 ὀρθὴν
671 2335 726 2398 καί
752 2326 934 2419 ἀμφιλαφῆ
956 2339 1105 2409 πίτυος
1127 2331 1245 2419 δίκην

91 2436 325 2505 Ouidianorum
346 2444 421 2502 met.
437 2437 528 2519 XIII,
545 2439 606 2500 844
614 2456 676 2518 sq.:
763 2459 855 2504 coma
877 2437 1016 2520 plurima
1038 2443 1146 2503 toruos

163 2542 328 2626 prominet
350 2541 383 2604 in
405 2540 511 2605 nultus
533 2559 739 2623 umerosque,
769 2546 808 2606 ut
830 2541 959 2622 lucus,
989 2540 1166 2607 obumbrat.

13 2687 14 2690 η
91 2643 127 2707 ef.
144 2664 174 2709 u.
190 2646 269 2725 7653
293 2642 350 2707 illa
365 2647 472 2706 autem
488 2638 670 2727 καρχάροος
684 2635 921 2728 ὑποφαίνων
936 2633 1077 2718 ὀδόντας
1092 2638 1127 2706 ἐκ
1140 2644 1242 2728 βορσῦ

90 2746 146 2808 τοῦ
168 2747 298 2829 γενείου
320 2743 547 2810 Theocriteum
575 2746 742 2828 exemplar
770 2745 956 2828 ostendunt,
986 2744 1073 2827 quod
1101 2750 1243 2826 praeter-

90 2847 177 2915 misit
200 2845 455 2912 FriederIchsius
478 2845 521 2911 id.
534 2847 588 2930 VI,
602 2851 713 2931 37sq.:
768 2849 834 2911 τῶν
857 2845 894 2911 δέ
915 2839 947 2909 τ’
966 2837 1113 2926 ὀσόντῳν

109 3003 112 3016 ,
240 2947 433 3030 λευκοτέραν
456 2937 559 3030 αὐγὰν
581 2953 715 3032 Παρίας
736 2944 943 3035 ὑπέφαινε
966 2947 1098 3025 λίθοιο,

13 3037 14 3110 ζ
90 3050 166 3118 licet
180 3052 359 3133 refragetur
373 3049 532 3115 Brunnius
553 3051 669 3128 (annal.
681 3052 757 3119 (IIII
776 3071 807 3134 p.
821 3053 885 3132 95),
907 3051 959 3116 oui
974 3048 1147 3132 respondet
1162 3049 1241 3114 Mat-

13 3141 14 3148 *
90 3154 156 3220 zius
180 3152 309 3230 (Philol.
322 3151 436 3216 XXXI
457 3171 489 3236 p.
503 3155 564 3216 625
587 3153 694 3219 adnot.
708 3155 758 3216 28.
782 3154 821 3218 cf.
838 3152 963 3219 dIssert.
979 3173 1010 3236 p.
1023 3154 1104 3229 let).
1142 3151 1240 3216 Deni-

91 3274 151 3336 que
175 3255 257 3321 haec
280 3256 399 3339 στέρνα
421 3277 457 3317 τε
478 3254 535 3318 καὶ
556 3257 700 3336 γαστέρα
718 3253 772 3317 καί
792 3249 829 3318 τὸ
846 3251 880 3329 ἐς
897 3247 1016 3333 ὄνυχας
1030 3244 1108 3336 ἧκον
1125 3249 1241 3328 λάσιος

90 3355 202 3422 πάντα
224 3378 288 3423 non
311 3357 414 3424 solum
435 3356 478 3422 ad
492 3355 628 3421 Theocr.
645 3356 702 3438 XI,
715 3359 755 3420 50
763 3377 832 3439 sqq.
855 3355 1039 3439 respiciunt,
1061 3360 1096 3420 ut
1109 3355 1240 3422 FrIede·

89 3460 226 3526 ricbsius
248 3459 435 3542 arbitratur,
462 3458 520 3525 sed
543 3457 640 3523 etiam
662 3457 704 3522 ad
727 3458 851 3524 Gallim.
868 3458 976 3542 hymn.
993 3457 1087 3523 Dian.
1105 3461 1144 3523 75
1153 3478 1240 3540 sqq.;

91 3557 149 3626 Ou.
166 3566 240 3626 met.
257 3560 347 3643 XIII,
364 3561 521 3643 Stbsqq.;
548 3559 623 3625 Luc.
641 3559 716 3625 dial.
732 3574 810 3627 mar.
826 3561 851 3642 I,
866 3565 893 3624 1.
910 3565 945 3644 5,
969 3560 1105 3626 redeunt
1127 3559 1240 3625 eadem

90 3661 157 3728 lere
188 3682 252 3744 qua
280 3662 367 3744 apud
393 3660 620 3728 Philostratum
650 3667 776 3728 exstant
805 3662 1024 3745 distinctione,
1056 3661 1142 3746 apud
1168 3659 1238 3726 Nic.

91 3762 170 3847 Eug.
182 3765 238 3847 VI,
252 3766 389 3846 508sqq.
426 3764 517 3830 Haeo
538 3765 636 3847 igitur
656 3765 806 3832 malimus
827 3766 986 3831 communi
1004 3763 1045 3830 de
1061 3763 1239 3846 Cyclopum

13 3865 15 3972 i
179 3919 203 3980 1)
227 3909 351 3968 ‘Montis’
370 3913 446 3968 notio
463 3928 517 3967 non
540 3915 660 3981 urgenda
682 3931 743 3970 cum
761 3913 862 3968 Metzio
881 3912 987 3968 dissert.
1006 3929 1032 3980 p.
1045 3916 1155 3980 101sq.,
1180 3928 1240 3966 eum

90 3997 171 4053 ctiam
184 4014 201 4054 a
212 3998 365 4068 pletoribus
376 3998 556 4068 Polyphemus
573 3998 602 4053 ln
619 3999 675 4053 alta
693 3999 756 4054 sede
769 3998 918 4054 collocetur
936 3997 971 4052 of.
987 3996 1091 4065 Helbig.
1110 4013 1150 4052 nr.
1164 4002 1237 4053 toto.
