2998 4674
431 243 700 314 DePolyphemoet
719 244 842 301 Galatea.

4 403 9 497 Ι
66 417 105 484 de
127 415 224 483 huius
248 416 553 501 exemplocogitari
573 437 638 485 non
658 423 765 501 potest
792 419 855 485 nisi
881 419 915 484 in
943 419 1046 486 litorIs
1072 417 1215 504 descrip-

4 510 9 604 ᾗ
66 523 162 603 tione,
186 524 294 586 cetera
315 519 357 584 ab
378 518 534 585 artificum
556 518 708 585 facultate
724 519 904 586 abhorrent.
940 521 1214 605 Recuperauimus

7 649 8 653 ¹
65 623 163 705 igitur
183 620 319 688 fortasse
340 620 530 702 antiquioris
550 621 659 705 poesis
681 620 850 704 reliquias,
878 641 958 705 quas
979 621 1214 689 Alexandrino-

4 659 10 810 Ι
64 743 134 789 rum
148 723 249 789 aetati
263 721 430 789 restituere
444 742 508 788 non
522 722 713 790 dubitamus.
746 723 815 789 Iam
831 742 903 789 cum
918 724 1088 791 nonnullos
1104 721 1214 790 Ouidii

64 844 189 910 pannos
208 843 249 890 ex
264 822 455 890 Callimachi
476 826 616 891 textrina
636 827 754 910 petitos
777 825 1071 910 coniectauerimus,
1095 826 1122 892 si
1143 826 1214 908 quis

4 953 8 1011 ι,
65 945 265 994 communem
295 926 385 992 illum
415 931 578 993 auctorem
601 926 898 994 Callimachum
926 929 1118 1012 nominaret,
1148 947 1213 994 non

4 1019 5 1056 ³
64 1028 357 1096 contradiceremus
380 1029 527 1110 quamuis
549 1029 740 1096 testimoniis
763 1029 917 1097 destituti.

4 1125 5 1218 ᾗ
149 1132 201 1196 De
222 1130 355 1196 Luciani
383 1130 480 1213 igitur
506 1131 645 1197 fontibus
667 1133 701 1197 in
723 1131 853 1216 dialogo
876 1132 998 1199 marino
1021 1132 1037 1197 I
1058 1132 1219 1208 adhibitis,

4 1218 9 1312 ἕ
64 1234 224 1301 sententia
244 1237 354 1300 nostra
374 1231 455 1298 haec
476 1237 532 1298 est.
566 1232 698 1300 Colores
713 1235 844 1317 collegit
858 1234 971 1302 doctus
986 1234 1214 1302 Samosatenus

5 1321 6 1396 l
62 1335 238 1420 praecipue
260 1354 301 1400 ex
322 1333 534 1400 Alexandrini
555 1335 628 1400 aeui
658 1342 727 1402 arte
755 1343 788 1403 et
814 1334 944 1420 poetica
972 1343 1005 1403 et
1030 1357 1213 1404 monumen-

5 1457 9 1503 1:
62 1439 147 1503 taria
168 1456 232 1501 non
254 1455 408 1519 spernens
435 1435 613 1502 doctrinam
641 1437 737 1503 altius
763 1439 934 1522 repetitam
961 1437 1213 1522 comoediaeque

1 1594 3 1598 ,
62 1541 202 1606 lectione
216 1539 374 1604 nutritam.
409 1538 547 1606 Nomina
561 1546 728 1624 poetamm
748 1540 864 1622 latent;
888 1559 943 1605 eos
959 1543 1054 1622 certe,
1078 1559 1213 1622 quorum

62 1648 214 1727 poemata
227 1646 365 1707 aetatem
386 1641 534 1725 tulerunt,
557 1642 661 1708 minus
683 1640 810 1707 uidetur
832 1641 1039 1726 expressisse.
1077 1639 1213 1724 Propria

62 1745 186 1828 ingenii
207 1742 362 1808 Lucianei
384 1748 432 1809 est
452 1742 575 1826 dialogi
603 1749 671 1809 tota
698 1744 839 1810 indoles:
873 1742 1011 1808 Galatea
1036 1740 1213 1807 defendens

5 1929 6 1940 ἵ
62 1866 153 1912 reum
181 1849 373 1927 amatorem3
403 1849 434 1911 et
460 1843 543 1911 hanc
571 1845 612 1910 ob
638 1865 769 1912 causam
796 1845 928 1911 alterius
957 1843 1061 1928 mythi
1089 1842 1212 1910 formae

63 1949 133 2014 iure
157 1947 189 2012 ei
210 1945 392 2013 uindicatur
413 1946 537 2012 notitia.
1103 1953 1109 1958 '

147 2047 240 2127 Quae
255 2047 386 2132 quidem
401 2048 503 2114 forma
517 2049 686 2117 manifesto
702 2052 831 2117 exculta
853 2056 885 2116 et
905 2048 1055 2114 absoluta
1074 2047 1213 2131 primum

6 2171 7 2174 ’
63 2153 203 2220 cernitur
231 2151 265 2215 in
286 2149 418 2215 Nonni
443 2150 657 2235 Dionysiacis.
702 2153 804 2218 Mutui
831 2157 939 2217 autem
968 2168 1092 2214 amores
1114 2148 1212 2232 Poly·

61 2254 173 2338 phemi
196 2258 229 2319 et
250 2252 405 2317 Galateae
432 2253 502 2318 ueri
530 2252 660 2336 quidem
688 2254 737 2318 illi
765 2253 950 2335 apertique,
977 2271 1041 2316 non
1071 2251 1213 2316 simulati

6 2429 7 2432 ,
63 2355 224 2423 occultiue
245 2354 383 2438 primum
404 2352 458 2420 hic
479 2361 712 2440 proponuntur,
741 2361 777 2421 ut
804 2354 880 2420 hinc
904 2353 1034 2419 demum
1056 2354 1149 2436 quasi
1178 2353 1212 2419 in

63 2457 153 2523 firmo
184 2455 390 2522 fundamento
419 2462 638 2540 superstruere
666 2458 763 2523 liceat
793 2456 1080 2539 inuestigationem.
1125 2454 1212 2522 Satis

4 2547 5 2556 ¹
62 2579 139 2626 uero
154 2557 364 2624 memorabile
380 2565 429 2626 est
443 2558 530 2642 quod
544 2559 591 2624 sIc
601 2557 716 2642 mytho
738 2564 859 2624 mutato
882 2577 922 2624 ea
942 2577 1091 2641 persona,
1114 2578 1209 2640 quam

62 2662 129 2728 lere
150 2661 275 2726 minore
297 2660 402 2727 studio
424 2661 630 2727 excoluerant
654 2666 786 2745 poetae,
816 2660 952 2728 Galatea
973 2661 1078 2727 acrius
1101 2661 1212 2727 incitat

4 2763 5 2776 ¹
62 2764 251 2829 facultatem
264 2763 424 2846 poeticam
447 2782 546 2846 seque
568 2762 731 2830 substituit
751 2765 785 2829 in
806 2765 914 2831 locum
935 2764 1090 2847 coniugis,
1114 2781 1209 2845 quem

62 2867 131 2933 uoti
154 2870 335 2949 compotem
357 2865 475 2931 factum
496 2864 616 2931 deserit
642 2872 810 2949 poetarum
832 2866 975 2932 certatio.
1013 2863 1103 2930 Solet
1124 2864 1209 2928 enim

62 2967 202 3034 Galatea
223 2987 243 3032 a
264 2967 379 3032 Nonno
401 2964 527 3032 laudari
548 2969 631 3034 inter
659 2969 891 3034 illustrissimae
920 2971 951 3030 et
978 2963 1209 3049 pulcherrimas

61 3067 224 3154 nymphas
240 3066 354 3133 eadem
376 3085 440 3149 qua
455 3067 567 3135 'Photis
589 3070 810 3136 aestimatione
833 3068 871 3135 ci.
888 3066 1023 3150 Dionys.
1038 3066 1063 3147 I,
1080 3067 1129 3129 58.
1151 3065 1209 3148 IX,

1 3199 2 3252 l
62 3175 114 3236 81.
138 3170 290 3253 XXXIV,
307 3170 365 3250 803
393 3175 425 3235 et
451 3176 499 3236 est
520 3171 602 3236 Inter
624 3169 832 3236 celeberrima
853 3169 1004 3253 exempla
1031 3167 1209 3252 puellarum

61 3275 266 3356 marinarum,
290 3291 373 3355 quae
388 3273 514 3339 Amoris
529 3272 680 3354 potestati
704 3271 857 3337 cesserint
879 3271 918 3336 of.
934 3270 1003 3352 XL,
1020 3272 1174 3353 553sqq.:

686 3376 866 3456 τοσσατίης
888 3369 924 3434 δὲ

171 3471 208 3550 ἐξ
228 3467 308 3549 ἁλὸς
331 3471 414 3556 αἷμα
437 3478 586 3561 φέρουσα
606 3474 663 3538 καὶ
685 3465 742 3538 οὐκ
764 3465 877 3561 ὀλίγης
899 3467 968 3539 ἀπὸ
992 3475 1100 3562 πηγῆς

172 3575 295 3661 ἱμείρει
317 3573 483 3642 Γαλάτεια
503 3573 717 3659 μελιζομένου
739 3574 964 3664 Πολυφήμου,

170 3679 226 3742 καὶ
247 3681 351 3764 βυθίη
372 3691 527 3761 χερσαῖον
550 3676 615 3760 ’ἔχει
637 3670 755 3759 πόσιν,
779 3675 814 3744 ἐκ
836 3677 872 3744 δὲ
894 3677 1071 3766 θαλάσσης
1164 3723 1168 3732 ·

170 3779 308 3866 πηκτίδι
320 3783 340 3860 ¹)
362 3779 547 3868 θελγομένη
570 3779 791 3864 μετανάστιος
814 3779 862 3859 εἷς
880 3780 991 3863 χθόνα
1011 3784 1130 3863 βαίνει.

1 3983 2 3992 ¹
151 3919 176 3980 1)
193 3918 302 3978 Πηκτιε,
317 3929 397 3983 quam
411 3911 484 3981 apud
492 3910 644 3968 Lucianum
657 3914 778 3970 citharae
791 3915 877 3970 simile
889 3915 1095 3970 instrumentum
1109 3926 1207 3980 cogno·

1 4041 2 4046 ,
65 3999 160 4068 ιιίωιιε,
178 4013 233 4054 non
246 3997 336 4054 differt
349 4014 366 4052 a
378 3996 470 4052 fistula
486 3996 561 4066 apud
573 3997 701 4056 Nonnum
720 3999 755 4055 cI.
765 3999 864 4066 XLIII,
874 4002 932 4065 393,
950 3998 1027 4066 impr.
1037 3995 1137 4061 XLIII,
1148 4001 1207 4053 217.
