3028 4672
221 286 281 345 158
585 283 715 354 Georgius
732 282 867 340 Ricardus
885 283 1004 339 Hellund

219 457 431 543 Epicharmus
459 456 637 523 comoediis
665 457 815 539 inseruit3
850 457 897 522 sic
926 456 1011 522 enim
1040 457 1162 541 optime
1191 457 1378 540 explicatur

218 561 358 628 facilitas
381 565 412 624 et
433 559 607 643 pernicitas
630 559 762 641 dialogi,
785 557 828 622 ad
850 557 979 640 qualem
1002 563 1128 641 spectat
1141 577 1253 626 uersus
1268 558 1376 624 Hora·

219 664 324 728 tianus
347 663 409 743 (ep.
425 660 467 744 Π,
483 663 510 742 l,
523 662 593 743 58),
623 680 720 743 qnam
747 659 950 743 probabilem
978 659 1116 726 reddunt
1143 659 1280 726 frustula
1308 661 1375 727 sin·

219 764 303 847 gulis
326 779 424 847 saepe
446 761 592 828 uersibus
618 761 750 827 inclusa.
796 760 910 843 Neque
939 760 1139 845 dubitamus,
1169 761 1247 844 quin
1274 768 1378 846 poeta

218 865 418 931 alacritatem
440 864 595 930 sermonis
617 863 744 928 auxerit
765 861 948 944 aenigmate
975 861 1031 927 illo
1053 881 1112 946 per
1134 862 1242 929 Ulixis
1263 860 1376 928 fictum

219 985 336 1033 nomen
352 948 453 1039 Οότις
474 964 619 1048 formato,
643 964 731 1047 quod
749 964 909 1030 Homerus
922 962 1050 1028 induxit
1064 982 1116 1029 uu.
1130 965 1192 1028 366
1200 982 1257 1046 sq,
1279 963 1375 1028 Euri-

219 1067 313 1152 pides
327 1086 391 1131 non
406 1066 529 1150 spreuit
543 1085 573 1130 ιι.
587 1068 649 1130 549
672 1067 711 1132 cf.
727 1086 758 1132 u.
772 1068 832 1130 535
846 1067 878 1148 ¹),
902 1065 1011 1148 qualia
1029 1066 1214 1149 aenigmata
1235 1063 1276 1130 ab
1299 1066 1376 1148 ipso

219 1166 316 1253 λόγος
334 1164 368 1231 ἐν
384 1163 471 1250 λόγῳ
493 1167 658 1251 appellata
675 1167 708 1232 in
724 1167 849 1234 deliciis
865 1166 1016 1232 habuisse
1032 1166 1259 1250 Epicharmum
1275 1171 1374 1232 testa-

219 1276 271 1335 tur
292 1267 479 1335 Eustathius
501 1270 774 1352 p.1634,15sqq.
798 1269 881 1343 (Lor.
904 1290 936 1354 p.
951 1271 1033 1343 120).
1077 1269 1129 1334 De
1156 1269 1228 1336 loco
1254 1275 1377 1354 autem,

220 1372 276 1437 ubi
299 1371 441 1437 fabulam
463 1371 518 1454 agl
539 1370 679 1435 uoluerit
699 1373 805 1452 poeta,
833 1367 921 1434 haud
942 1370 1164 1454 improbabilis
1187 1370 1376 1437 coniectura

218 1472 346 1539 uidetur
371 1471 447 1538 inde
474 1470 545 1537 fieri
572 1491 685 1556 posse,
715 1470 801 1553 quod
830 1471 900 1554 ipse
930 1473 1103 1537 maximam
1131 1472 1218 1537 uitae
1245 1477 1377 1554 partem

219 1576 302 1641 inter
324 1573 450 1641 Siculos
479 1572 583 1656 degit,
615 1592 749 1656 quorum
777 1572 821 1637 ad
848 1578 965 1638 terram
993 1574 1188 1657 posteriores
1211 1572 1375 1656 Cyclopes

218 1678 372 1760 relegant.
417 1675 503 1741 illud
525 1680 611 1740 certe
633 1672 718 1740 effici
740 1675 858 1757 poterit
881 1693 921 1739 ex
944 1672 1045 1740 Thac.
1058 1675 1113 1756 VI,
1131 1677 1149 1737 2
1172 1675 1279 1741 uerbis
1301 1697 1378 1737 πα-

218 1776 392 1842 λαιότατοι
414 1774 475 1856 μὲν
490 1774 642 1858 λέγονται
657 1772 691 1839 ἐν
706 1776 801 1858 μέρει
818 1775 886 1839 τινὶ
908 1776 966 1859 τῆς
984 1771 1096 1860 χώρας
1110 1773 1293 1850 Κύκλωπες
1314 1778 1375 1841 καὶ

218 1874 469 1961 Λαιστρυγόνες
492 1873 642 1961 οἰκῆσαι,
672 1868 718 1940 ὦν
747 1871 809 1960 ἐγώ
840 1869 916 1940 οὔτε
943 1878 1036 1960 γένος
1065 1875 1128 1957 ἐ’χω
1156 1875 1264 1943 εἰπεῖν
1294 1871 1376 1944 οὔτε

219 1975 350 2044 ὁπόθεν
367 1974 512 2064 ἐσῆλθον
534 1965 555 2062 ἢ
577 1967 660 2042 ὅποι
683 1967 914 2061 ἀπεχώρησαν.
948 1969 1088 2063 ἀρκείτω
1113 1977 1149 2043 δὲ
1171 1972 1222 2055 ὦς
1244 2001 1376 2065 ποιη-

218 2091 310 2156 ταῖς
330 2103 373 2144 τε
396 2077 561 2166 εἴρηται
585 2078 641 2143 καὶ
664 2071 710 2154 ὥς
733 2069 870 2154 ἕκαστός
892 2102 940 2165 πῃ
962 2078 1136 2165 γιγνώσκει
1157 2082 1238 2167 περὶ
1260 2072 1377 2147 αὐτῶν

219 2183 341 2251 dixisse
363 2188 437 2249 ante
460 2180 647 2248 historicum
669 2187 798 2265 poetas,
828 2181 861 2246 in
884 2201 1018 2263 quorum
1039 2203 1171 2249 numero
1193 2185 1373 2251 Homerum

217 2305 281 2351 non
303 2304 374 2350 esse
395 2284 546 2366 uidimus,
568 2289 694 2367 partem
716 2281 850 2348 Siciliae
872 2283 1047 2351 incoluisse
1070 2284 1239 2369 Cyclopes.

303 2385 374 2452 Hoc
396 2391 482 2451 certe
505 2384 566 2452 hac
595 2390 704 2451 nostra
733 2383 967 2468 disputatione,
999 2405 1082 2469 quae
1104 2388 1133 2453 si
1154 2387 1252 2471 paulo
1274 2407 1372 2454 accu-

218 2487 337 2553 ratiora
360 2486 559 2569 exploranda
582 2491 672 2552 erant
693 2506 757 2551 non
779 2487 883 2569 potuit
904 2506 968 2552 uon
990 2488 1155 2554 uacillanti
1182 2488 1267 2572 pede
1296 2511 1373 2574 pro-

218 2587 327 2670 gredi,
357 2586 508 2653 effectum
531 2588 699 2672 opinamur
722 2588 877 2653 uomicam
899 2588 1041 2654 indolem
1064 2588 1216 2675 Cyclopis
1239 2610 1280 2656 ex
1304 2592 1372 2656 Ηο-

218 2689 337 2754 merica
360 2687 575 2772 descriptione
598 2690 736 2772 elegisse
755 2686 992 2772 Epicharmum,
1016 2709 1111 2772 qnam
1134 2690 1373 2758 adridendum

217 2796 410 2874 proponeret
432 2791 681 2874 spectatoribus,
712 2791 816 2875 ipsam
830 2795 945 2856 autem
973 2811 1143 2875 personam
1171 2813 1236 2859 non
1264 2794 1373 2860 solum

219 2891 446 2975 exaggerando
469 2893 598 2958 auxisse
620 2893 809 2976 praesertim
831 2892 864 2956 in
887 2890 1006 2958 edendi
1034 2900 1066 2959 et
1093 2895 1226 2960 bibendi
1255 2896 1385 2962 imme·

218 2992 337 3077 destia,
361 2993 420 3061 sed
442 2995 539 3060 etiam
561 2995 654 3060 nouis
677 2993 837 3058 coloribus
859 2995 998 3077 appiolis
1021 2997 1227 3079 expoliuisse.

680 3279 807 3358 Onnum
833 3281 901 3356 ΙΙΙ.

497 3415 739 3516 Polyphemus
765 3413 867 3516 opud
893 3413 1085 3492 Orutobcm.

296 3539 443 3634 Cratinus
458 3568 491 3633 in
507 3588 655 3635 scaenam
670 3569 822 3652 produxit
830 3567 1064 3652 Polyphemum
1079 3570 1243 3636 notissima
1255 3570 1375 3651 fabula

213 3659 376 3753 Ὀόυσσῆς
404 3670 574 3754 inscripta,
605 3691 701 3754 quam
731 3672 822 3752 quasi
850 3670 979 3736 mediae
1007 3670 1194 3738 comoediae
1224 3671 1370 3739 indolem

216 3773 373 3856 praeiisse
395 3772 518 3854 antiqui
545 3777 643 3839 testes
669 3771 836 3839 affirmant.
881 3772 1047 3838 Platonius
1076 3773 1161 3838 enirn
1190 3774 1269 3857 περὶ
1292 3771 1371 3839 δια-

307 3944 329 4005 1)
352 3939 480 3994 Posteros
508 3937 655 3993 delectatos
683 3955 743 3993 esse
768 3940 820 3995 boc
847 3940 909 3995 lusu
935 3938 1013 3995 testis
1037 3937 1232 4008 Theophylact.
1258 3953 1299 4009 ep.
1318 3944 1373 4009 40,

218 4022 254 4077 ef.
273 4023 354 4077 etiam
371 4022 548 4078 Ps.·Theocr.
562 4022 665 4092 Syring.
684 4040 710 4077 u.
723 4030 746 4078 1.
