3028 4672
266 204 328 263 172
629 201 760 272 Georgius
777 201 911 258 Ricardus
929 202 1046 260 Helland

265 377 360 443 metri
375 377 568 443 solutionum
585 377 788 443 multitudine
810 377 930 461 optime
952 376 1132 460 significata
1153 399 1205 444 uu.
1222 382 1365 465 toesqq.
1393 390 1426 449 et

265 498 343 543 num
364 479 411 544 rei
433 479 604 561 pecuariae
627 479 709 544 bene
729 479 946 546 consuluerint
960 478 1103 545 studiose
1117 481 1307 547 sciscitatur.
1341 484 1424 551 Pos-

266 580 352 648 sidet
373 586 481 666 autem
502 580 641 665 Cyclops
668 579 758 664 μῆλα
785 586 821 646 ot
841 579 928 664 apud
949 580 1125 647 Homerum
1148 581 1187 648 cf.
1209 602 1261 650 uu.
1279 587 1330 649 28.
1348 588 1423 651 122.

268 684 386 750 162111.
407 675 499 748 ‘oues
522 687 554 748 et
577 673 713 766 capras'.
730 688 762 748 et
783 701 884 765 agnos
906 703 927 747 a
948 681 1117 748 comitibus
1135 682 1241 749 Ulixis
1264 703 1306 749 ex
1328 693 1425 753 antro

265 791 354 853 aotos
377 784 468 850 uidet
494 804 547 852 uu.
570 786 632 848 224
640 803 709 867 sqq.
728 785 798 848 189.
843 783 910 850 Sed
939 789 1087 866 quattuor
1114 786 1195 851 loeis
1209 787 1231 862 ¹)
1258 785 1425 853 indicatur

266 888 365 954 etiam
377 888 477 953 boues
492 887 526 950 in
541 886 693 969 gregibus
705 905 775 951 esse
786 885 838 962 (of.
851 884 1012 952 Borsdorf.
1021 891 1225 952 commentar.
1238 887 1423 956 inTheoer.

266 988 310 1055 id.
326 989 385 1071 XI,
407 988 576 1053 laurauiae
594 989 676 1051 1874
696 1007 728 1070 p.
740 989 771 1062 4)
794 1005 846 1052 uu.
865 987 935 1050 136.
952 987 1025 1052 218.
1041 988 1112 1052 302.
1130 989 1207 1072 389,
1231 989 1334 1074 quod,
1356 992 1424 1057 nisi

266 1091 416 1156 arbitrari
437 1090 541 1155 mauis
563 1109 627 1154 non
649 1108 761 1172 presse
782 1089 915 1154 Homeri
937 1089 1076 1172 uestigia
1097 1096 1240 1156 secutum
1263 1110 1335 1158 esse
1358 1091 1424 1158 hae

266 1192 300 1256 in
321 1210 358 1257 re
379 1190 565 1274 Euripidem
575 1192 600 1268 ²)
607 1240 615 1273 ,
644 1189 719 1256 ideo
742 1209 815 1255 eum
843 1189 1017 1255 instituisse
1047 1191 1357 1277 existimauerimue,
1388 1200 1424 1260 ut

266 1312 363 1375 quam
386 1292 578 1358 ditissimum
600 1291 764 1358 dominum
780 1289 921 1358 efficeret
935 1290 1179 1375 Polyphemum.
1215 1293 1425 1361 Nutrimenta

268 1395 383 1462 eadem
397 1394 490 1478 fingit
505 1413 588 1476 quae
604 1394 777 1460 Homerus:
800 1393 852 1460 lac
875 1397 907 1458 et
929 1412 1040 1460 caseos
1063 1396 1298 1478 ιιο.122.327;
1322 1417 1422 1462 unum

267 1496 360 1564 addit
381 1499 466 1575 (nam
489 1493 602 1582 μήλων
623 1497 710 1582 βορᾷ
732 1497 829 1562 etiam
851 1495 979 1578 epicum
1002 1493 1177 1579 Cyclopem
1199 1496 1321 1562 uixisse
1346 1517 1423 1566 con-

266 1600 467 1677 sentaneum)
496 1618 624 1665 carnem
649 1599 799 1680 ferinam,
830 1617 925 1679 quam
947 1598 1012 1661 iam
1034 1596 1159 1679 pridem
1182 1617 1217 1664 se
1239 1598 1423 1665 abominari

268 1701 348 1768 dicit
368 1700 589 1786 Polyphemus
612 1720 663 1766 uu.
679 1704 838 1782 247sqq.:

396 1811 441 1893 ὡς
463 1816 611 1893 ἐ’κπλειός
632 1841 669 1902 γε
691 1815 806 1892 δαιτός
828 1808 895 1898 εἰμ’
914 1807 1086 1901 ὀρεσκόου·

397 1910 471 1993 ἅλις
493 1917 635 1984 λεόντων
658 1916 730 1983 ἐστί
750 1941 809 2000 μοι
831 1913 1029 2002 θοινωμένῳ

396 2017 530 2108 ἐλάφων
551 2043 603 2099 τε,
624 2018 756 2105 χρόνιος
779 2011 811 2082 δ’
832 2011 900 2102 οἴμ’
920 2011 984 2082 ἀπ’
1004 2011 1196 2105 ἀνθρώπων
1217 2021 1332 2105 βορᾶς.

267 2139 426 2208 Nimirum
441 2161 505 2206 non
521 2140 588 2206 edit
602 2141 651 2205 uir
666 2145 868 2224 portentosos
883 2139 945 2204 nisi
962 2135 1102 2224 θήρειόν
1117 2161 1150 2202 τι
1166 2134 1274 2222 δάκος,
1297 2141 1419 2207 bestias

266 2241 390 2310 feroces
409 2244 462 2309 uel
480 2242 700 2326 magnitudine
722 2241 964 2326 praecellentes,
987 2242 1097 2307 leones
1119 2240 1174 2307 uel
1194 2260 1317 2324 ceruos,
1341 2263 1418 2326 quo-

267 2365 337 2410 rum
359 2345 499 2430 pellibus
522 2347 658 2411 uestitus
682 2345 720 2410 cf.
743 2366 774 2410 u.
791 2346 863 2408 330.
908 2343 1011 2421 Quam
1039 2341 1195 2426 praedam
1224 2349 1335 2428 captat
1364 2365 1421 2428 per

142 2505 145 2512 .
266 2452 392 2512 montes
414 2465 610 2529 persequens
632 2447 771 2528 uestigia
793 2466 865 2512 oum
888 2446 1021 2511 canibus
1048 2443 1150 2527 (130),
1181 2464 1261 2527 quos
1289 2452 1421 2528 praeter

267 2545 409 2631 pecudes
425 2547 492 2628 alit,
516 2567 580 2629 qua
596 2548 636 2614 de
651 2567 686 2612 re
701 2548 784 2612 infra
804 2548 1005 2613 accuratiora
1025 2544 1233 2628 proferemus.
1267 2545 1320 2610 Ad
1335 2547 1419 2612 fero·

267 2649 398 2714 citatem
413 2648 594 2730 augendam
614 2647 754 2730 pertinet
776 2649 872 2712 etiam
895 2646 981 2730 quod
996 2645 1167 2729 Euripides
1188 2647 1420 2714 frumentorum

267 2756 416 2835 expertes
431 2748 574 2815 reddidit
589 2747 748 2832 Cyclopes
769 2748 807 2813 of.
823 2768 875 2813 uu.
891 2752 948 2811 121
958 2769 1004 2831 sq.
1021 2751 1080 2812 133
1089 2767 1147 2831 sq.,
1170 2767 1242 2813 oum
1257 2748 1419 2815 Homerus

267 2851 328 2919 Od.
343 2852 402 2935 IX,
417 2854 554 2932 107sqq.
577 2851 737 2916 frumenta
759 2851 805 2916 eis
827 2858 944 2918 terram
967 2851 1049 2915 ultro
1077 2850 1269 2933 progignere
1298 2857 1418 2934 narret,

268 2975 351 3038 quae
374 2952 550 3036 Euripideo
566 2951 702 3035 Cyclopi
724 2952 915 3018 necessitate
938 2958 1050 3018 coacta
1071 2956 1194 3016 tantum
1216 2953 1365 3034 gramina
1388 2959 1420 3018 et

267 3058 422 3140 pabulum
443 3056 578 3140 praehet
600 3055 662 3118 332
674 3074 720 3137 sq.
758 3054 873 3136 Neque
895 3058 1002 3118 tamen
1025 3058 1112 3119 caret
1133 3053 1201 3118 uita
1222 3053 1418 3137 Polyphemi

268 3158 495 3224 commoditate
518 3156 658 3240 quadam
681 3162 714 3222 et
734 3156 896 3222 rusticana
917 3153 1131 3238 iucunditate,
1160 3156 1307 3236 quamuis
1330 3155 1416 3221 rudi-

356 3359 380 3422 1)
398 3356 565 3423 Quemquam
582 3355 615 3410 de
632 3355 786 3432 integritate
803 3354 881 3425 primi
898 3354 953 3409 loci
971 3353 1136 3421 dubitamus;
1159 3369 1222 3408 nam
1241 3369 1290 3408 eur
1308 3353 1415 3410 Silenus

267 3439 398 3495 boninum
421 3443 528 3492 tantum
550 3439 594 3493 lae
617 3440 713 3494 edesse
736 3439 803 3494 dicit
825 3439 966 3508 (singulari
982 3452 1094 3493 numero
1112 3436 1214 3504 posco,
1240 3453 1301 3492 cum
1323 3455 1352 3493 u.
1367 3443 1414 3494 213

269 3524 410 3593 caprinum
421 3523 594 3578 inueniatur?
620 3521 750 3576 Fortasse
762 3522 934 3578 scribendum
946 3521 1026 3575 πνὸν
1036 3519 1115 3593 γάλα,
1133 3522 1205 3591 quod
1217 3522 1324 3592 quidem
1335 3523 1415 3578 lactis

267 3623 353 3677 genus
371 3606 445 3676 apud
463 3606 580 3662 comicos
599 3605 705 3682 erebrox
713 3607 844 3672 occurrit,
868 3622 937 3674 qnae
955 3607 1110 3660 coniectura
1127 3606 1323 3674 quodammodo
1343 3623 1414 3663 com·

266 3693 421 3758 mendatur,
446 3691 518 3761 quod
535 3691 633 3745 Athen.
644 3691 710 3744 XIV
727 3707 753 3759 p.
765 3694 837 3744 6580
855 3697 934 3744 etex
952 3705 983 3744 eo
1002 3690 1129 3745 Eustath.
1147 3708 1173 3760 p.
1188 3695 1262 3754 1485,
1273 3695 1305 3745 32
1323 3692 1414 3760 legunt

266 3777 330 3832 Aede
362 3774 424 3833 dia.

345 3797 377 3928 72)
395 3863 428 3916 In
445 3859 635 3915 minutioribus
653 3859 734 3913 rebus
753 3859 837 3913 libere
854 3862 992 3913 uersatum
1010 3873 1069 3914 esse
1087 3861 1218 3927 tragicum
1241 3860 1320 3914 docet
1343 3857 1413 3928 quod

266 3947 390 4003 titionem
405 3946 556 4015 oleaginum
575 3943 641 3998 dicit
659 3943 752 3998 Ulixes
764 3948 814 3998 455
832 3943 891 4009 (Od.
901 3943 949 4011 IX,
960 3946 1080 4014 319sq.),
1099 3959 1229 4014 quernum
1242 3944 1340 4000 chorus
1354 3947 1410 3998 615.
