2998 4674
429 223 473 279 De
489 222 654 294 Polyphemo
672 225 700 278 et
717 223 839 278 Galatea.
1148 221 1211 284 285

81 395 188 461 Bacchi
217 403 248 462 et
273 397 414 483 Neptuni
443 397 483 464 de
506 397 702 480 Amymones
729 397 931 462 matrimonio
961 398 1116 462 exarserit
1143 417 1210 464 oer-

79 503 173 564 tamen
198 499 236 564 of.
258 499 375 582 XLIII,
391 501 525 584 266sq.,
557 499 603 566 sio
631 497 737 564 fistula
765 517 880 565 canere
910 497 1023 564 didicit
1049 518 1070 563 a
1096 500 1210 566 marito

78 599 354 684 (of.Verg.ool.11‚
372 604 422 666 31.
436 603 487 678 34)
510 607 541 666 et
556 599 712 683 nuptialia
727 601 868 667 carmina
889 599 972 666 solet
993 618 1071 682 prae
1093 600 1208 666 ceteris

78 699 256 769 Nereidibus
277 703 550 788 praestantissime
571 702 723 785 recitare,
749 701 850 766 ueluti
872 701 1045 784 innuptiis
1067 700 1210 784 Neptuni

78 807 105 866 et
123 801 314 886 Amymones
335 804 452 887 XLHI,
469 807 624 886 390sqq.:

170 905 225 970 καὶ
247 903 357 993 ζογίην
380 903 547 970 Γαλάτεια
570 901 790 987 διακρούοοσα
808 908 941 990 χορείην

171 1000 314 1083 δστατος
337 999 514 1094 δρχηστηρι
535 1004 653 1071 ποδῶν
674 1001 833 1083 ἐλελίζετο
856 1006 998 1090 παλμηῦ,

169 1109 224 1174 καὶ
245 1105 367 1194 γάμιον
387 1108 487 1189 μέλος
510 1103 617 1188 εἶπεν,
641 1105 717 1172 ἐπεί
738 1105 831 1189 μάθε
852 1104 937 1173 καλὰ
960 1108 1119 1193 λιγαίνειν

168 1214 328 1296 ποιμενίη
352 1208 480 1293 σύριγγι
502 1208 721 1295 διδασκομένη
744 1207 968 1295 Πολοφήμοο,

77 1311 210 1378 similiter
222 1315 257 1378 in
272 1313 393 1398 nuptiis
407 1311 527 1378 Bacchi
543 1318 575 1379 et
589 1311 738 1377 Pallenes
754 1312 793 1377 ef.
807 1312 954 1397 XLVIII,
965 1316 1024 1379 196
1034 1334 1081 1396 sq.
1111 1313 1209 1378 'Pales

75 1413 263 1494 potissimum
279 1415 402 1482 colores
418 1434 475 1497 pro
490 1413 664 1479 subtilioris
681 1413 758 1479 artis
780 1413 925 1495 reliquiis
948 1413 1123 1480 habeamus
1145 1433 1209 1479 non

76 1513 273 1582 bacchantem
296 1516 563 1598 Panopolitannm
588 1515 725 1580 minutas
748 1513 807 1580 has
828 1533 880 1580 res
903 1514 1097 1598 expoliuisse
1125 1515 1209 1580 arhi-

76 1617 148 1681 trati.
183 1618 334 1685 (letarum
350 1624 479 1702 praeter
499 1616 559 1683 hos
580 1617 707 1700 lepores
728 1635 792 1682 non
814 1616 947 1681 multum
968 1617 1050 1681 lucri
1071 1616 1209 1700 percipi-

75 1735 134 1784 mus
155 1738 194 1784 ex
215 1721 326 1787 Nonni
350 1719 579 1800 mentionibus‚
609 1736 691 1800 quae
714 1717 887 1785 secundum
916 1718 1084 1784 eonsilium
1112 1718 1209 1784 totius

76 1821 170 1901 operis
190 1843 255 1889 non
276 1824 485 1888 immorantur
506 1821 641 1903 singulis
662 1822 757 1888 rebus
778 1820 983 1904 adornandis,
1006 1818 1065 1885 sed
1086 1824 1122 1884 nt
1137 1838 1208 1884 ner·

75 1937 155 1985 suum
177 1925 316 2009 impetus
338 1922 381 1988 ad
402 1923 467 1988 alia
488 1929 677 2006 argumenta
697 1928 880 2007 properant.

148 2025 240 2093 Unde
258 2025 429 2110 sumpserit
444 2043 502 2090 sua
515 2025 649 2092 Nonnus
664 2024 729 2092 dici
742 2027 800 2091 uix
820 2025 951 2110 poterit:
974 2025 1008 2089 in
1029 2042 1088 2089 usu
1110 2021 1210 2089 habet

73 2123 167 2192 tritam
188 2127 285 2194 huius
306 2126 410 2210 mythi
432 2127 664 2210 supellectilem
688 2133 719 2194 et
741 2126 868 2193 uidetur
890 2145 973 2210 quae
1000 2127 1135 2190 multum
1162 2125 1208 2191 le-

73 2228 166 2305 gendo
187 2232 365 2298 memoriae
386 2228 535 2294 infixerat
556 2249 614 2295 sua
634 2229 780 2294 Minerua
805 2229 839 2292 in
860 2225 1090 2295 Bacchicarum
1117 2226 1208 2292 fabu-

75 2325 163 2394 larum
186 2333 300 2398 orbem
321 2331 502 2396 inseruisse.

147 2434 254 2517 Atque
269 2433 350 2499 haee
365 2432 495 2514 quidem
511 2437 637 2498 exstant
655 2431 833 2497 litterarum
847 2430 888 2496 de
903 2432 1005 2497 altera
1025 2431 1084 2496 illa
1105 2429 1209 2514 mythi

73 2529 163 2599 forma
177 2537 371 2618 testimonia,
394 2535 508 2617 quibus
523 2533 681 2600 accedunt
701 2539 987 2617 monumentorum,
1011 2554 1145 2618 quorum
1166 2535 1208 2602 de

73 2629 127 2699 fide
147 2637 301 2720 Helbigio
323 2638 344 2702 l.
354 2638 375 2702 l.
399 2657 430 2720 p.
444 2639 506 2703 363
517 2657 586 2721 εηη.
616 2638 649 2703 in
674 2637 860 2702 uniuersum
889 2637 1057 2704 credimus.
1101 2639 1208 2721 Repu·

72 2737 143 2801 tanti
163 2747 289 2822 autem,
319 2759 382 2821 quo
404 2745 548 2823 tempore
571 2740 707 2821 primum
730 2739 811 2806 haec
832 2740 935 2806 altera
955 2740 1058 2807 forma
1080 2759 1207 2822 compa-

73 2845 142 2922 reat,
164 2843 281 2924 quibus
295 2841 496 2924 potissimum
510 2842 643 2908 testibus
665 2840 815 2924 firmetur,
838 2841 972 2907 dubium
995 2861 1065 2908 esse
1086 2828 1207 2923 nequit,

18 2939 20 3020 l
72 2940 140 3017 quin
160 2946 268 3026 posita
289 2944 330 3009 sit
351 2943 385 3007 in
406 2941 645 3008 Alexandrinae
666 2944 774 3026 poesis
802 2943 1019 3008 fundamento.
1063 2941 1113 3007 De
1136 2943 1207 3025 ipso

18 3041 19 3064 ί
73 3048 159 3117 poeta
173 3045 255 3110 nihil
270 3049 410 3127 cunstat5
434 3049 466 3110 et
481 3045 695 3110 coniecturam
718 3046 745 3110 si
763 3043 1026 3127 periclitabimur,
1049 3062 1208 3110 memores

73 3142 209 3214 uolumus
233 3147 338 3229 siqui
367 3147 490 3230 legent,
520 3145 712 3212 dubitationi
740 3162 958 3228 quaecumque
986 3146 1209 3229 excogitentur

18 3259 19 3268 ¹
72 3259 124 3308 sua
143 3255 257 3314 natura
279 3267 350 3314 esse
373 3248 522 3314 obnoxia.

149 3351 191 3414 At
205 3351 346 3416 nondum
360 3349 566 3416 tractauimus
588 3347 804 3413 testimoninm
827 3346 959 3430 aliquod
981 3349 1014 3413 in
1036 3347 1209 3433 hypothesi

18 3461 19 3518 l
73 3441 170 3527 idyllii
184 3453 233 3516 XI
255 3451 437 3517 Theocritei
459 3452 572 3531 latens,
595 3448 650 3514 nbi
671 3449 805 3532 legitur:
827 3447 1108 3534 κροσδιαλέγεται
1130 3449 1166 3516 δὲ
1188 3446 1206 3517 δ

75 3546 244 3638 Θεόκριτος
259 3550 363 3638 ἷατρηῖ
378 3556 482 3639 Νικίηι
497 3550 658 3636 Μιλησίῳ
680 3547 718 3614 τὸ
741 3553 843 3635 γένος,
866 3542 905 3616 οὗ
926 3552 983 3616 καὶ
1004 3551 1208 3641 ποιημάτιον

73 3649 203 3733 φέρεται
225 3647 521 3741 ἀντιγεγραμμένον
543 3649 630 3740 πρὸς
654 3657 833 3740 Θεοκρίτου
856 3651 1027 3720 Κύκλωπα
1050 3658 1108 3736 (sic
1129 3655 1208 3721 Mei-

72 3751 207 3837 nekius),
231 3747 269 3822 οὗ
291 3751 310 3842 ἡ
335 3749 433 3843 ἀρχή·

190 3843 230 3944 ἦν
252 3850 308 3943 ἆρ’
335 3851 461 3945 δληδες
482 3859 579 3923 τοῦτο
605 3855 779 3945 Θεόκριτε·
809 3857 841 3924 οἱ
866 3854 929 3943 γὰρ
945 3852 1088 3942 Ἔρωτες

191 3957 335 4048 ποιητὰς
358 3955 503 4035 πολλοὺς
525 3956 679 4037 ἐδίδαξαν
701 3957 778 4036 τοὺς
799 3961 880 4043 πρὶν
903 3952 1079 4041 ἀμούσους.
