<?xml version="1.0" encoding="UTF-8"?>
<!DOCTYPE html PUBLIC "-//W3C//DTD XHTML 1.0 Transitional//EN"
    "http://www.w3.org/TR/xhtml1/DTD/xhtml1-transitional.dtd">
<html xmlns="http://www.w3.org/1999/xhtml" xml:lang="en" lang="en">
 <head>
  <title>
</title>
<meta http-equiv="Content-Type" content="text/html;charset=utf-8" />
  <meta name='ocr-system' content='tesseract 3.04.00' />
  <meta name='ocr-capabilities' content='ocr_page ocr_carea ocr_par ocr_line ocrx_word'/>
</head>
<body>
  <div class='ocr_page' id='page_1' title='image "./depolyphemoetga00hollgoog_0173.png"; bbox 0 0 2998 4674; ppageno 0'>
   <div class='ocr_carea' id='block_1_1' title="bbox 235 247 1019 322">
    <p class='ocr_par' dir='ltr' id='par_1_1' title="bbox 235 247 1019 322">
     <span class='ocr_line' id='line_1_1' title="bbox 235 247 1019 322; baseline 0.003 -14"><span class='ocrx_word' id='word_1_1' title='bbox 235 247 298 308; x_wconf 86' lang='lat'><strong>300</strong></span> <span class='ocrx_word' id='word_1_2' title='bbox 599 251 731 322; x_wconf 75' lang='lat' dir='ltr'><strong>Georgius</strong></span> <span class='ocrx_word' id='word_1_3' title='bbox 747 253 882 310; x_wconf 83' lang='lat' dir='ltr'><strong>Ricardus</strong></span> <span class='ocrx_word' id='word_1_4' title='bbox 899 253 1019 310; x_wconf 85' lang='lat' dir='ltr'><strong>Holland</strong></span> 
     </span>
    </p>
   </div>
   <div class='ocr_carea' id='block_1_2' title="bbox 231 411 1411 1326">
    <p class='ocr_par' dir='ltr' id='par_1_2' title="bbox 235 411 1394 609">
     <span class='ocr_line' id='line_1_2' title="bbox 235 411 1394 514; baseline 0.004 -25"><span class='ocrx_word' id='word_1_5' title='bbox 235 443 332 507; x_wconf 90' lang='lat' dir='ltr'><strong>quam</strong></span> <span class='ocrx_word' id='word_1_6' title='bbox 347 423 487 509; x_wconf 76' lang='lat' dir='ltr'><strong>Cyclops</strong></span> <span class='ocrx_word' id='word_1_7' title='bbox 502 423 713 493; x_wconf 87' lang='lat' dir='ltr'><strong>Philoxenius</strong></span> <span class='ocrx_word' id='word_1_8' title='bbox 728 411 870 493; x_wconf 85' lang='lat' dir='ltr'><strong>imitatus</strong></span> <span class='ocrx_word' id='word_1_9' title='bbox 886 434 935 494; x_wconf 89' lang='lat' dir='ltr'><strong>est</strong></span> <span class='ocrx_word' id='word_1_10' title='bbox 949 428 1071 494; x_wconf 87' lang='lat' dir='ltr'><strong>famoso</strong></span> <span class='ocrx_word' id='word_1_11' title='bbox 1094 429 1150 493; x_wconf 93' lang='lat' dir='ltr'><strong>illo</strong></span> <span class='ocrx_word' id='word_1_12' title='bbox 1172 426 1394 514; x_wconf 79' lang='grc' dir='ltr'><em>θρεττανελό,</em></span> 
     </span>
     <span class='ocr_line' id='line_1_3' title="bbox 235 527 1392 609; baseline 0.006 -18"><span class='ocrx_word' id='word_1_13' title='bbox 235 545 318 609; x_wconf 88' lang='lat' dir='ltr'><strong>quae</strong></span> <span class='ocrx_word' id='word_1_14' title='bbox 341 527 478 593; x_wconf 75' lang='lat' dir='ltr'><strong>imitatio</strong></span> <span class='ocrx_word' id='word_1_15' title='bbox 500 547 585 595; x_wconf 88' lang='lat' dir='ltr'><strong>nunc</strong></span> <span class='ocrx_word' id='word_1_16' title='bbox 605 528 741 595; x_wconf 79' lang='lat' dir='ltr'><strong>fortasse</strong></span> <span class='ocrx_word' id='word_1_17' title='bbox 763 529 805 594; x_wconf 90' lang='lat' dir='ltr'><strong>ab</strong></span> <span class='ocrx_word' id='word_1_18' title='bbox 821 527 955 595; x_wconf 91' lang='lat' dir='ltr'><strong>Oenona</strong></span> <span class='ocrx_word' id='word_1_19' title='bbox 976 531 1010 594; x_wconf 94' lang='lat' dir='ltr'><strong>in</strong></span> <span class='ocrx_word' id='word_1_20' title='bbox 1032 530 1202 596; x_wconf 84' lang='lat' dir='ltr'><strong>absurdius</strong></span> <span class='ocrx_word' id='word_1_21' title='bbox 1217 535 1315 596; x_wconf 92' lang='lat' dir='ltr'><strong>aucta</strong></span> <span class='ocrx_word' id='word_1_22' title='bbox 1330 537 1392 598; x_wconf 90' lang='lat' dir='ltr'><strong>est.</strong></span> 
     </span>
    </p>

    <p class='ocr_par' dir='ltr' id='par_1_3' title="bbox 231 621 1411 1326">
     <span class='ocr_line' id='line_1_4' title="bbox 319 621 1393 720; baseline 0.005 -27"><span class='ocrx_word' id='word_1_23' title='bbox 319 628 383 694; x_wconf 90' lang='lat' dir='ltr'><strong>Per</strong></span> <span class='ocrx_word' id='word_1_24' title='bbox 398 627 566 695; x_wconf 91' lang='lat' dir='ltr'><strong>Oenonam</strong></span> <span class='ocrx_word' id='word_1_25' title='bbox 579 649 658 696; x_wconf 93' lang='lat' dir='ltr'><strong>uero</strong></span> <span class='ocrx_word' id='word_1_26' title='bbox 679 625 739 720; x_wconf 73' lang='grc' dir='ltr'><strong>τρν</strong></span> <span class='ocrx_word' id='word_1_27' title='bbox 758 625 795 705; x_wconf 77' lang='grc' dir='ltr'><strong>ἐξ</strong></span> <span class='ocrx_word' id='word_1_28' title='bbox 811 621 953 706; x_wconf 79' lang='grc' dir='ltr'><strong><em>Ἰταλίας</em></strong></span> <span class='ocrx_word' id='word_1_29' title='bbox 975 630 1084 697; x_wconf 73' lang='lat' dir='ltr'><strong>emtim</strong></span> <span class='ocrx_word' id='word_1_30' title='bbox 1106 631 1139 696; x_wconf 92' lang='lat' dir='ltr'><strong>in</strong></span> <span class='ocrx_word' id='word_1_31' title='bbox 1162 650 1217 697; x_wconf 88' lang='lat' dir='ltr'><strong>eas</strong></span> <span class='ocrx_word' id='word_1_32' title='bbox 1238 632 1393 714; x_wconf 81' lang='lat' dir='ltr'><strong>regiones</strong></span> 
     </span>
     <span class='ocr_line' id='line_1_5' title="bbox 233 729 1394 813; baseline 0.003 -19"><span class='ocrx_word' id='word_1_33' title='bbox 233 729 333 795; x_wconf 91' lang='lat' dir='ltr'><strong>delati</strong></span> <span class='ocrx_word' id='word_1_34' title='bbox 350 749 469 813; x_wconf 85' lang='lat' dir='ltr'><strong>sumus,</strong></span> <span class='ocrx_word' id='word_1_35' title='bbox 491 731 548 796; x_wconf 90' lang='lat' dir='ltr'><strong>ubi</strong></span> <span class='ocrx_word' id='word_1_36' title='bbox 569 732 667 797; x_wconf 90' lang='lat' dir='ltr'><strong>etiam</strong></span> <span class='ocrx_word' id='word_1_37' title='bbox 689 729 784 798; x_wconf 91' lang='lat' dir='ltr'><strong>huius</strong></span> <span class='ocrx_word' id='word_1_38' title='bbox 806 731 935 797; x_wconf 85' lang='lat' dir='ltr'><strong>fabulae</strong></span> <span class='ocrx_word' id='word_1_39' title='bbox 957 732 1089 799; x_wconf 89' lang='lat' dir='ltr'><strong>mimica</strong></span> <span class='ocrx_word' id='word_1_40' title='bbox 1110 731 1236 798; x_wconf 89' lang='lat' dir='ltr'><strong>indoles</strong></span> <span class='ocrx_word' id='word_1_41' title='bbox 1259 733 1394 798; x_wconf 84' lang='lat' dir='ltr'><strong>exculta</strong></span> 
     </span>
     <span class='ocr_line' id='line_1_6' title="bbox 233 829 1391 916; baseline 0.001 -19"><span class='ocrx_word' id='word_1_42' title='bbox 233 837 298 915; x_wconf 85' lang='lat' dir='ltr'><strong>est,</strong></span> <span class='ocrx_word' id='word_1_43' title='bbox 320 829 538 899; x_wconf 79' lang='lat' dir='ltr'><strong>Graeciam</strong></span> <span class='ocrx_word' id='word_1_44' title='bbox 561 852 740 916; x_wconf 87' lang='lat' dir='ltr'><strong>magnam</strong></span> <span class='ocrx_word' id='word_1_45' title='bbox 764 840 796 900; x_wconf 89' lang='lat' dir='ltr'><strong>et</strong></span> <span class='ocrx_word' id='word_1_46' title='bbox 817 831 1023 916; x_wconf 86' lang='lat' dir='ltr'><strong>Siciliam,</strong></span> <span class='ocrx_word' id='word_1_47' title='bbox 1047 852 1181 916; x_wconf 90' lang='lat' dir='ltr'><strong>quarum</strong></span> <span class='ocrx_word' id='word_1_48' title='bbox 1203 834 1319 901; x_wconf 91' lang='lat' dir='ltr'><strong>incolis</strong></span> <span class='ocrx_word' id='word_1_49' title='bbox 1340 835 1391 898; x_wconf 92' lang='lat' dir='ltr'><strong>in-</strong></span> 
     </span>
     <span class='ocr_line' id='line_1_7' title="bbox 232 932 1392 1018; baseline 0 -20"><span class='ocrx_word' id='word_1_50' title='bbox 232 932 296 998; x_wconf 93' lang='lat' dir='ltr'><strong>sita</strong></span> <span class='ocrx_word' id='word_1_51' title='bbox 318 939 387 1000; x_wconf 88' lang='lat' dir='ltr'><strong>erat</strong></span> <span class='ocrx_word' id='word_1_52' title='bbox 408 935 517 1001; x_wconf 79' lang='lat' dir='ltr'><strong>iocose</strong></span> <span class='ocrx_word' id='word_1_53' title='bbox 538 936 687 1002; x_wconf 89' lang='lat' dir='ltr'><strong>imitandi</strong></span> <span class='ocrx_word' id='word_1_54' title='bbox 708 935 844 1003; x_wconf 76' lang='lat' dir='ltr'><strong>facultas</strong></span> <span class='ocrx_word' id='word_1_55' title='bbox 872 940 905 1001; x_wconf 90' lang='lat' dir='ltr'><strong>et</strong></span> <span class='ocrx_word' id='word_1_56' title='bbox 932 935 1074 1001; x_wconf 86' lang='lat' dir='ltr'><strong>studium</strong></span> <span class='ocrx_word' id='word_1_57' title='bbox 1104 935 1156 1014; x_wconf 89' lang='lat' dir='ltr'><strong>(cf.</strong></span> <span class='ocrx_word' id='word_1_58' title='bbox 1178 932 1269 999; x_wconf 92' lang='lat' dir='ltr'><strong>Iahn.</strong></span> <span class='ocrx_word' id='word_1_59' title='bbox 1293 935 1392 1018; x_wconf 89' lang='lat' dir='ltr'><strong>proll.</strong></span> 
     </span>
     <span class='ocr_line' id='line_1_8' title="bbox 232 1034 1391 1121; baseline 0.001 -22"><span class='ocrx_word' id='word_1_60' title='bbox 232 1034 322 1101; x_wconf 90' lang='lat' dir='ltr'><strong>Pers.</strong></span> <span class='ocrx_word' id='word_1_61' title='bbox 345 1056 377 1119; x_wconf 93' lang='lat' dir='ltr'><strong>p.</strong></span> <span class='ocrx_word' id='word_1_62' title='bbox 392 1035 645 1121; x_wconf 81' lang='lat' dir='ltr'><strong>LXXXVeqq·)·</strong></span> <span class='ocrx_word' id='word_1_63' title='bbox 690 1039 831 1105; x_wconf 86' lang='lat' dir='ltr'><strong>Ridiculi</strong></span> <span class='ocrx_word' id='word_1_64' title='bbox 857 1045 964 1104; x_wconf 89' lang='lat' dir='ltr'><strong>autem</strong></span> <span class='ocrx_word' id='word_1_65' title='bbox 986 1036 1131 1103; x_wconf 89' lang='lat' dir='ltr'><strong>homines</strong></span> <span class='ocrx_word' id='word_1_66' title='bbox 1153 1036 1236 1101; x_wconf 90' lang='lat' dir='ltr'><strong>uarii</strong></span> <span class='ocrx_word' id='word_1_67' title='bbox 1259 1036 1391 1118; x_wconf 87' lang='lat' dir='ltr'><strong>generis</strong></span> 
     </span>
     <span class='ocr_line' id='line_1_9' title="bbox 233 1136 1392 1224; baseline 0.003 -24"><span class='ocrx_word' id='word_1_68' title='bbox 233 1153 272 1201; x_wconf 92' lang='lat' dir='ltr'><strong>eo</strong></span> <span class='ocrx_word' id='word_1_69' title='bbox 294 1136 447 1204; x_wconf 91' lang='lat' dir='ltr'><strong>libentius</strong></span> <span class='ocrx_word' id='word_1_70' title='bbox 469 1136 532 1204; x_wconf 92' lang='lat' dir='ltr'><strong>hoc</strong></span> <span class='ocrx_word' id='word_1_71' title='bbox 553 1146 742 1222; x_wconf 87' lang='lat' dir='ltr'><strong>argumento</strong></span> <span class='ocrx_word' id='word_1_72' title='bbox 771 1141 866 1224; x_wconf 89' lang='lat' dir='ltr'><strong>potiti</strong></span> <span class='ocrx_word' id='word_1_73' title='bbox 894 1144 1002 1222; x_wconf 89' lang='lat' dir='ltr'><strong>erunt,</strong></span> <span class='ocrx_word' id='word_1_74' title='bbox 1031 1158 1095 1222; x_wconf 91' lang='lat' dir='ltr'><strong>quo</strong></span> <span class='ocrx_word' id='word_1_75' title='bbox 1124 1139 1228 1222; x_wconf 90' lang='lat' dir='ltr'><strong>magis</strong></span> <span class='ocrx_word' id='word_1_76' title='bbox 1258 1138 1392 1221; x_wconf 87' lang='lat' dir='ltr'><strong>penitus</strong></span> 
     </span>
     <span class='ocr_line' id='line_1_10' title="bbox 231 1235 1411 1326; baseline 0.003 -26"><span class='ocrx_word' id='word_1_77' title='bbox 231 1235 425 1303; x_wconf 85' lang='lat' dir='ltr'><strong>inhaerebat</strong></span> <span class='ocrx_word' id='word_1_78' title='bbox 446 1239 621 1322; x_wconf 89' lang='lat' dir='ltr'><strong>antiquitus</strong></span> <span class='ocrx_word' id='word_1_79' title='bbox 644 1243 735 1326; x_wconf 88' lang='lat' dir='ltr'><strong>uulgi</strong></span> <span class='ocrx_word' id='word_1_80' title='bbox 756 1241 941 1323; x_wconf 90' lang='lat' dir='ltr'><strong>memoriae,</strong></span> <span class='ocrx_word' id='word_1_81' title='bbox 963 1259 1068 1323; x_wconf 89' lang='lat' dir='ltr'><strong>neque</strong></span> <span class='ocrx_word' id='word_1_82' title='bbox 1092 1239 1286 1322; x_wconf 79' lang='lat' dir='ltr'><strong>dubitamus,</strong></span> <span class='ocrx_word' id='word_1_83' title='bbox 1310 1240 1411 1321; x_wconf 83' lang='lat' dir='ltr'><strong>quin·</strong></span> 
     </span>
    </p>
   </div>
   <div class='ocr_carea' id='block_1_3' title="bbox 220 1336 1391 1426">
    <p class='ocr_par' dir='ltr' id='par_1_4' title="bbox 220 1325 1498 1434">
     <span class='ocr_line' id='line_1_11' title="bbox 220 1336 1391 1426; baseline 0.003 -25"><span class='ocrx_word' id='word_1_84' title='bbox 220 1336 333 1403; x_wconf 86' lang='lat' dir='ltr'><strong>infimi</strong></span> <span class='ocrx_word' id='word_1_85' title='bbox 348 1337 470 1405; x_wconf 89' lang='lat' dir='ltr'><strong>ordinis</strong></span> <span class='ocrx_word' id='word_1_86' title='bbox 484 1340 585 1424; x_wconf 89' lang='lat' dir='ltr'><strong>mimi,</strong></span> <span class='ocrx_word' id='word_1_87' title='bbox 602 1343 717 1425; x_wconf 91' lang='lat' dir='ltr'><strong>quibus</strong></span> <span class='ocrx_word' id='word_1_88' title='bbox 733 1346 875 1426; x_wconf 77' lang='grc' dir='ltr'><strong><em>παίγνια</em></strong></span> <span class='ocrx_word' id='word_1_89' title='bbox 890 1341 1041 1426; x_wconf 85' lang='lat' dir='ltr'><strong>adsignat</strong></span> <span class='ocrx_word' id='word_1_90' title='bbox 1055 1340 1247 1408; x_wconf 78' lang='lat' dir='ltr'><strong>Plutarchus</strong></span> <span class='ocrx_word' id='word_1_91' title='bbox 1263 1346 1391 1425; x_wconf 82' lang='lat' dir='ltr'><strong>quaest</strong></span> 
     </span>
    </p>
   </div>
   <div class='ocr_carea' id='block_1_4' title="bbox 228 1440 1391 2341">
    <p class='ocr_par' dir='ltr' id='par_1_5' title="bbox 228 1440 1391 2341">
     <span class='ocr_line' id='line_1_12' title="bbox 233 1440 1391 1527; baseline 0.001 -22"><span class='ocrx_word' id='word_1_92' title='bbox 233 1459 337 1523; x_wconf 90' lang='lat' dir='ltr'><strong>symp.</strong></span> <span class='ocrx_word' id='word_1_93' title='bbox 354 1441 425 1524; x_wconf 85' lang='lat' dir='ltr'>VII,</span> <span class='ocrx_word' id='word_1_94' title='bbox 442 1443 471 1526; x_wconf 90' lang='lat'><strong>8,</strong></span> <span class='ocrx_word' id='word_1_95' title='bbox 488 1447 524 1526; x_wconf 85' lang='lat'><strong>4,</strong></span> <span class='ocrx_word' id='word_1_96' title='bbox 552 1445 618 1509; x_wconf 90' lang='lat' dir='ltr'><strong>iarn</strong></span> <span class='ocrx_word' id='word_1_97' title='bbox 640 1446 728 1527; x_wconf 91' lang='lat' dir='ltr'><strong>prius</strong></span> <span class='ocrx_word' id='word_1_98' title='bbox 751 1446 785 1510; x_wconf 93' lang='lat' dir='ltr'><strong>in</strong></span> <span class='ocrx_word' id='word_1_99' title='bbox 807 1445 934 1511; x_wconf 90' lang='lat' dir='ltr'><strong>circulis</strong></span> <span class='ocrx_word' id='word_1_100' title='bbox 957 1451 989 1510; x_wconf 89' lang='lat' dir='ltr'><strong>et</strong></span> <span class='ocrx_word' id='word_1_101' title='bbox 1011 1443 1169 1511; x_wconf 91' lang='lat' dir='ltr'><strong>conuiuiis</strong></span> <span class='ocrx_word' id='word_1_102' title='bbox 1192 1440 1391 1526; x_wconf 87' lang='lat' dir='ltr'><strong>Polyphemi</strong></span> 
     </span>
     <span class='ocr_line' id='line_1_13' title="bbox 232 1538 1391 1631; baseline 0.003 -26"><span class='ocrx_word' id='word_1_103' title='bbox 232 1538 369 1624; x_wconf 88' lang='lat' dir='ltr'><strong>figuram</strong></span> <span class='ocrx_word' id='word_1_104' title='bbox 389 1543 432 1608; x_wconf 89' lang='lat' dir='ltr'><strong>ad</strong></span> <span class='ocrx_word' id='word_1_105' title='bbox 454 1542 625 1611; x_wconf 90' lang='lat' dir='ltr'><strong>ridendum</strong></span> <span class='ocrx_word' id='word_1_106' title='bbox 647 1546 857 1631; x_wconf 87' lang='lat' dir='ltr'><strong>propinarint,</strong></span> <span class='ocrx_word' id='word_1_107' title='bbox 882 1565 978 1629; x_wconf 88' lang='lat' dir='ltr'><strong>quam</strong></span> <span class='ocrx_word' id='word_1_108' title='bbox 1000 1547 1042 1613; x_wconf 92' lang='lat' dir='ltr'><strong>ab</strong></span> <span class='ocrx_word' id='word_1_109' title='bbox 1061 1544 1196 1612; x_wconf 82' lang='lat' dir='ltr'><strong>Oenone</strong></span> <span class='ocrx_word' id='word_1_110' title='bbox 1217 1545 1251 1609; x_wconf 93' lang='lat' dir='ltr'><strong>in</strong></span> <span class='ocrx_word' id='word_1_111' title='bbox 1272 1543 1391 1609; x_wconf 91' lang='lat' dir='ltr'><strong>mimo-</strong></span> 
     </span>
     <span class='ocr_line' id='line_1_14' title="bbox 230 1644 1390 1728; baseline 0.003 -21"><span class='ocrx_word' id='word_1_112' title='bbox 230 1662 301 1708; x_wconf 90' lang='lat' dir='ltr'><strong>rum</strong></span> <span class='ocrx_word' id='word_1_113' title='bbox 330 1644 472 1728; x_wconf 87' lang='lat' dir='ltr'><strong>litteras‚</strong></span> <span class='ocrx_word' id='word_1_114' title='bbox 500 1646 636 1714; x_wconf 83' lang='lat' dir='ltr'><strong>sortasse</strong></span> <span class='ocrx_word' id='word_1_115' title='bbox 658 1648 692 1713; x_wconf 92' lang='lat' dir='ltr'><strong>in</strong></span> <span class='ocrx_word' id='word_1_116' title='bbox 714 1667 864 1714; x_wconf 86' lang='lat' dir='ltr'><strong>scaenam</strong></span> <span class='ocrx_word' id='word_1_117' title='bbox 888 1683 928 1692; x_wconf 91' lang='lat'>-</span> <span class='ocrx_word' id='word_1_118' title='bbox 950 1668 1025 1713; x_wconf 90' lang='lat' dir='ltr'><strong>nam</strong></span> <span class='ocrx_word' id='word_1_119' title='bbox 1047 1646 1090 1713; x_wconf 92' lang='lat' dir='ltr'><strong>de</strong></span> <span class='ocrx_word' id='word_1_120' title='bbox 1113 1647 1248 1713; x_wconf 86' lang='lat' dir='ltr'><strong>cultiore</strong></span> <span class='ocrx_word' id='word_1_121' title='bbox 1275 1646 1390 1728; x_wconf 88' lang='lat' dir='ltr'><strong>aliquo</strong></span> 
     </span>
     <span class='ocr_line' id='line_1_15' title="bbox 231 1744 1391 1834; baseline 0.001 -23"><span class='ocrx_word' id='word_1_122' title='bbox 231 1763 350 1828; x_wconf 88' lang='lat' dir='ltr'><strong>genere</strong></span> <span class='ocrx_word' id='word_1_123' title='bbox 378 1748 585 1829; x_wconf 88' lang='lat' dir='ltr'><strong>cogitandum</strong></span> <span class='ocrx_word' id='word_1_124' title='bbox 615 1754 665 1815; x_wconf 89' lang='lat' dir='ltr'><strong>est</strong></span> <span class='ocrx_word' id='word_1_125' title='bbox 691 1755 824 1834; x_wconf 89' lang='lat' dir='ltr'><strong>propter</strong></span> <span class='ocrx_word' id='word_1_126' title='bbox 852 1750 987 1816; x_wconf 90' lang='lat' dir='ltr'><strong>uerbum</strong></span> <span class='ocrx_word' id='word_1_127' title='bbox 1016 1744 1170 1832; x_wconf 78' lang='grc' dir='ltr'><em>εἰσήγαγε</em></span> <span class='ocrx_word' id='word_1_128' title='bbox 1191 1782 1234 1792; x_wconf 95' lang='grc'>-</span> <span class='ocrx_word' id='word_1_129' title='bbox 1255 1746 1391 1812; x_wconf 88' lang='lat' dir='ltr'><strong>induce·</strong></span> 
     </span>
     <span class='ocr_line' id='line_1_16' title="bbox 230 1848 1390 1933; baseline 0.001 -23"><span class='ocrx_word' id='word_1_130' title='bbox 230 1851 326 1912; x_wconf 89' lang='lat' dir='ltr'><strong>retur.</strong></span> <span class='ocrx_word' id='word_1_131' title='bbox 360 1848 490 1913; x_wconf 79' lang='lat' dir='ltr'><strong>Talium</strong></span> <span class='ocrx_word' id='word_1_132' title='bbox 504 1856 611 1916; x_wconf 88' lang='lat' dir='ltr'><strong>autem</strong></span> <span class='ocrx_word' id='word_1_133' title='bbox 631 1851 802 1916; x_wconf 91' lang='lat' dir='ltr'><strong>mimorum</strong></span> <span class='ocrx_word' id='word_1_134' title='bbox 826 1849 888 1916; x_wconf 94' lang='lat' dir='ltr'><strong>hoc</strong></span> <span class='ocrx_word' id='word_1_135' title='bbox 908 1851 942 1915; x_wconf 93' lang='lat' dir='ltr'><strong>in</strong></span> <span class='ocrx_word' id='word_1_136' title='bbox 962 1848 1074 1933; x_wconf 83' lang='lat' dir='ltr'><strong>mytho</strong></span> <span class='ocrx_word' id='word_1_137' title='bbox 1097 1850 1253 1932; x_wconf 92' lang='lat' dir='ltr'><strong>optimum</strong></span> <span class='ocrx_word' id='word_1_138' title='bbox 1276 1865 1390 1912; x_wconf 85' lang='lat' dir='ltr'><strong>exem·</strong></span> 
     </span>
     <span class='ocr_line' id='line_1_17' title="bbox 229 1947 1389 2036; baseline 0.003 -26"><span class='ocrx_word' id='word_1_139' title='bbox 229 1947 320 2031; x_wconf 91' lang='lat' dir='ltr'><strong>plum</strong></span> <span class='ocrx_word' id='word_1_140' title='bbox 349 1954 399 2014; x_wconf 88' lang='lat' dir='ltr'><strong>est</strong></span> <span class='ocrx_word' id='word_1_141' title='bbox 427 1949 522 2016; x_wconf 84' lang='lat' dir='ltr'><strong>Cario</strong></span> <span class='ocrx_word' id='word_1_142' title='bbox 551 1950 825 2036; x_wconf 83' lang='lat' dir='ltr'><strong>Aristophaneus,</strong></span> <span class='ocrx_word' id='word_1_143' title='bbox 857 1971 968 2035; x_wconf 88' lang='lat' dir='ltr'><strong>quem,</strong></span> <span class='ocrx_word' id='word_1_144' title='bbox 1003 1951 1031 2017; x_wconf 91' lang='lat' dir='ltr'><strong>si</strong></span> <span class='ocrx_word' id='word_1_145' title='bbox 1060 1950 1175 2017; x_wconf 87' lang='lat' dir='ltr'><strong>eximis</strong></span> <span class='ocrx_word' id='word_1_146' title='bbox 1204 1947 1389 2034; x_wconf 86' lang='lat' dir='ltr'><strong>parodiam,</strong></span> 
     </span>
     <span class='ocr_line' id='line_1_18' title="bbox 229 2049 1391 2138; baseline 0.003 -25"><span class='ocrx_word' id='word_1_147' title='bbox 229 2049 359 2116; x_wconf 89' lang='lat' dir='ltr'><strong>mimico</strong></span> <span class='ocrx_word' id='word_1_148' title='bbox 375 2057 467 2134; x_wconf 87' lang='lat' dir='ltr'><strong>gestu</strong></span> <span class='ocrx_word' id='word_1_149' title='bbox 482 2057 591 2135; x_wconf 88' lang='lat' dir='ltr'><strong>partes</strong></span> <span class='ocrx_word' id='word_1_150' title='bbox 606 2051 759 2138; x_wconf 81' lang='lat' dir='ltr'><strong>Cyclopis</strong></span> <span class='ocrx_word' id='word_1_151' title='bbox 774 2054 880 2136; x_wconf 82' lang='lat' dir='ltr'><strong>egisse</strong></span> <span class='ocrx_word' id='word_1_152' title='bbox 894 2052 1099 2119; x_wconf 88' lang='lat' dir='ltr'><strong>manifestum</strong></span> <span class='ocrx_word' id='word_1_153' title='bbox 1115 2058 1173 2118; x_wconf 89' lang='lat' dir='ltr'><strong>est.</strong></span> <span class='ocrx_word' id='word_1_154' title='bbox 1210 2052 1252 2116; x_wconf 82' lang='lat' dir='ltr'><strong>Et</strong></span> <span class='ocrx_word' id='word_1_155' title='bbox 1274 2070 1391 2134; x_wconf 89' lang='lat' dir='ltr'><strong>mago·</strong></span> 
     </span>
     <span class='ocr_line' id='line_1_19' title="bbox 228 2149 1391 2239; baseline 0.001 -22"><span class='ocrx_word' id='word_1_156' title='bbox 228 2149 343 2218; x_wconf 89' lang='lat' dir='ltr'><strong>dorum</strong></span> <span class='ocrx_word' id='word_1_157' title='bbox 365 2153 421 2235; x_wconf 91' lang='lat' dir='ltr'><strong>qui</strong></span> <span class='ocrx_word' id='word_1_158' title='bbox 444 2154 591 2221; x_wconf 90' lang='lat' dir='ltr'><strong>dicuntur</strong></span> <span class='ocrx_word' id='word_1_159' title='bbox 613 2156 696 2220; x_wconf 90' lang='lat' dir='ltr'><strong>inter</strong></span> <span class='ocrx_word' id='word_1_160' title='bbox 718 2155 943 2222; x_wconf 89' lang='lat' dir='ltr'><strong>celeberrimas</strong></span> <span class='ocrx_word' id='word_1_161' title='bbox 965 2159 1073 2239; x_wconf 88' lang='lat' dir='ltr'><strong>partes</strong></span> <span class='ocrx_word' id='word_1_162' title='bbox 1100 2153 1199 2219; x_wconf 88' lang='lat' dir='ltr'><strong>fuisse</strong></span> <span class='ocrx_word' id='word_1_163' title='bbox 1222 2151 1391 2237; x_wconf 92' lang='lat' dir='ltr'><strong>Polyphe-</strong></span> 
     </span>
     <span class='ocr_line' id='line_1_20' title="bbox 228 2256 1391 2341; baseline 0.008 -25"><span class='ocrx_word' id='word_1_164' title='bbox 228 2271 315 2318; x_wconf 88' lang='lat' dir='ltr'><strong>mum</strong></span> <span class='ocrx_word' id='word_1_165' title='bbox 338 2257 513 2339; x_wconf 88' lang='lat' dir='ltr'><strong>persuadet</strong></span> <span class='ocrx_word' id='word_1_166' title='bbox 525 2257 642 2324; x_wconf 87' lang='lat' dir='ltr'><strong>Athen.</strong></span> <span class='ocrx_word' id='word_1_167' title='bbox 658 2258 736 2324; x_wconf 90' lang='lat' dir='ltr'><strong>XIV</strong></span> <span class='ocrx_word' id='word_1_168' title='bbox 751 2278 782 2341; x_wconf 92' lang='lat' dir='ltr'><strong>p.</strong></span> <span class='ocrx_word' id='word_1_169' title='bbox 796 2259 883 2325; x_wconf 78' lang='lat'><strong>6210</strong></span> <span class='ocrx_word' id='word_1_170' title='bbox 897 2257 999 2336; x_wconf 89' lang='lat' dir='ltr'><strong>(Iahn.</strong></span> <span class='ocrx_word' id='word_1_171' title='bbox 1012 2258 1032 2322; x_wconf 89' lang='lat' dir='ltr'><strong>l.</strong></span> <span class='ocrx_word' id='word_1_172' title='bbox 1041 2257 1062 2321; x_wconf 94' lang='lat' dir='ltr'><strong>l.</strong></span> <span class='ocrx_word' id='word_1_173' title='bbox 1076 2277 1106 2340; x_wconf 91' lang='lat' dir='ltr'><strong>p.</strong></span> <span class='ocrx_word' id='word_1_174' title='bbox 1118 2256 1307 2322; x_wconf 88' lang='lat' dir='ltr'>LXXXVII</span> <span class='ocrx_word' id='word_1_175' title='bbox 1328 2259 1391 2326; x_wconf 89' lang='lat' dir='ltr'><strong>ad·</strong></span> 
     </span>
    </p>
   </div>
   <div class='ocr_carea' id='block_1_5' title="bbox 226 2350 1391 3054">
    <p class='ocr_par' dir='ltr' id='par_1_6' title="bbox 226 2350 1391 3054">
     <span class='ocr_line' id='line_1_21' title="bbox 227 2350 1391 2443; baseline 0.004 -22"><span class='ocrx_word' id='word_1_176' title='bbox 227 2362 293 2423; x_wconf 85' lang='lat' dir='ltr'><strong>not.</strong></span> <span class='ocrx_word' id='word_1_177' title='bbox 307 2359 353 2435; x_wconf 79' lang='lat'><strong>2):</strong></span> <span class='ocrx_word' id='word_1_178' title='bbox 378 2350 395 2422; x_wconf 83' lang='grc' dir='ltr'><em>ὃ</em></span> <span class='ocrx_word' id='word_1_179' title='bbox 407 2355 564 2443; x_wconf 80' lang='grc' dir='ltr'><em>μαγῳδὸς</em></span> <span class='ocrx_word' id='word_1_180' title='bbox 578 2357 779 2441; x_wconf 79' lang='grc' dir='ltr'><em>καλούμενος</em></span> <span class='ocrx_word' id='word_1_181' title='bbox 793 2393 835 2406; x_wconf 88' lang='grc'><strong>-</strong></span> <span class='ocrx_word' id='word_1_182' title='bbox 848 2357 1028 2440; x_wconf 76' lang='grc' dir='ltr'><em>σχινίζεται</em></span> <span class='ocrx_word' id='word_1_183' title='bbox 1040 2381 1077 2422; x_wconf 81' lang='grc' dir='ltr'><em>σε</em></span> <span class='ocrx_word' id='word_1_184' title='bbox 1091 2358 1146 2422; x_wconf 87' lang='grc' dir='ltr'><strong>καὶ</strong></span> <span class='ocrx_word' id='word_1_185' title='bbox 1161 2356 1276 2422; x_wconf 84' lang='grc' dir='ltr'><em>πάντα</em></span> <span class='ocrx_word' id='word_1_186' title='bbox 1290 2373 1391 2426; x_wconf 84' lang='grc' dir='ltr'><em>ποιεῖ</em></span> 
     </span>
     <span class='ocr_line' id='line_1_22' title="bbox 227 2453 1391 2546; baseline 0.003 -23"><span class='ocrx_word' id='word_1_187' title='bbox 227 2455 270 2523; x_wconf 82' lang='grc' dir='ltr'><strong>τὰ</strong></span> <span class='ocrx_word' id='word_1_188' title='bbox 294 2455 357 2535; x_wconf 81' lang='grc' dir='ltr'><em>’ἐξω</em></span> <span class='ocrx_word' id='word_1_189' title='bbox 379 2457 515 2542; x_wconf 85' lang='grc' dir='ltr'><em>κόσμου,</em></span> <span class='ocrx_word' id='word_1_190' title='bbox 541 2453 802 2546; x_wconf 78' lang='grc' dir='ltr'><em>ὑποκρινόμενος</em></span> <span class='ocrx_word' id='word_1_191' title='bbox 823 2460 908 2526; x_wconf 79' lang='grc' dir='ltr'><em>ποτὲ</em></span> <span class='ocrx_word' id='word_1_192' title='bbox 929 2459 990 2543; x_wconf 86' lang='grc' dir='ltr'><strong>μὲν</strong></span> <span class='ocrx_word' id='word_1_193' title='bbox 1011 2471 1149 2545; x_wconf 86' lang='grc' dir='ltr'><em>γυναῖκα</em></span> <span class='ocrx_word' id='word_1_194' title='bbox 1170 2459 1225 2524; x_wconf 80' lang='grc' dir='ltr'><strong>καὶ</strong></span> <span class='ocrx_word' id='word_1_195' title='bbox 1247 2457 1391 2541; x_wconf 74' lang='grc' dir='ltr'><em>μοιχοὺς</em></span> 
     </span>
     <span class='ocr_line' id='line_1_23' title="bbox 227 2556 1389 2647; baseline 0.001 -23"><span class='ocrx_word' id='word_1_196' title='bbox 227 2561 283 2625; x_wconf 79' lang='grc' dir='ltr'><strong>καὶ</strong></span> <span class='ocrx_word' id='word_1_197' title='bbox 305 2560 538 2647; x_wconf 83' lang='grc' dir='ltr'><em>μαστροπούς,</em></span> <span class='ocrx_word' id='word_1_198' title='bbox 565 2561 650 2627; x_wconf 80' lang='grc' dir='ltr'><em>ποτὲ</em></span> <span class='ocrx_word' id='word_1_199' title='bbox 674 2561 710 2627; x_wconf 77' lang='grc' dir='ltr'><strong>δὲ</strong></span> <span class='ocrx_word' id='word_1_200' title='bbox 733 2556 864 2643; x_wconf 73' lang='grc' dir='ltr'><em>ἄνδρα</em></span> <span class='ocrx_word' id='word_1_201' title='bbox 886 2561 1098 2644; x_wconf 84' lang='grc' dir='ltr'><em>μεθύοντα</em></span> <span class='ocrx_word' id='word_1_202' title='bbox 1119 2561 1189 2626; x_wconf 82' lang='grc' dir='ltr'><strong>καὶ</strong></span> <span class='ocrx_word' id='word_1_203' title='bbox 1213 2558 1285 2627; x_wconf 80' lang='grc' dir='ltr'><strong>ἐπὶ</strong></span> <span class='ocrx_word' id='word_1_204' title='bbox 1307 2563 1389 2626; x_wconf 80' lang='grc' dir='ltr'><strong>κῶ-</strong></span> 
     </span>
     <span class='ocr_line' id='line_1_24' title="bbox 227 2661 1390 2750; baseline 0.006 -25"><span class='ocrx_word' id='word_1_205' title='bbox 227 2683 305 2744; x_wconf 92' lang='grc' dir='ltr'><strong>μον</strong></span> <span class='ocrx_word' id='word_1_206' title='bbox 334 2661 677 2747; x_wconf 78' lang='grc' dir='ltr'><em>παραγινόμενον</em></span> <span class='ocrx_word' id='word_1_207' title='bbox 705 2661 811 2750; x_wconf 85' lang='grc' dir='ltr'><em>πρὸς</em></span> <span class='ocrx_word' id='word_1_208' title='bbox 843 2661 914 2750; x_wconf 79' lang='grc' dir='ltr'><strong>τὴν</strong></span> <span class='ocrx_word' id='word_1_209' title='bbox 948 2661 1167 2750; x_wconf 79' lang='grc' dir='ltr'><em>ἐρωμένην.</em></span> <span class='ocrx_word' id='word_1_210' title='bbox 1212 2664 1270 2729; x_wconf 87' lang='lat' dir='ltr'><strong>Vir</strong></span> <span class='ocrx_word' id='word_1_211' title='bbox 1300 2665 1390 2732; x_wconf 86' lang='lat' dir='ltr'><strong>enim</strong></span> 
     </span>
     <span class='ocr_line' id='line_1_25' title="bbox 229 2764 1389 2850; baseline 0.003 -20"><span class='ocrx_word' id='word_1_212' title='bbox 229 2764 336 2830; x_wconf 90' lang='lat' dir='ltr'><strong>ebrius</strong></span> <span class='ocrx_word' id='word_1_213' title='bbox 352 2765 556 2830; x_wconf 89' lang='lat' dir='ltr'><strong>comissatum</strong></span> <span class='ocrx_word' id='word_1_214' title='bbox 572 2764 779 2849; x_wconf 92' lang='lat' dir='ltr'><strong>proficiscens</strong></span> <span class='ocrx_word' id='word_1_215' title='bbox 795 2767 932 2832; x_wconf 90' lang='lat' dir='ltr'><strong>occurrit</strong></span> <span class='ocrx_word' id='word_1_216' title='bbox 953 2767 1018 2831; x_wconf 87' lang='lat' dir='ltr'><strong>iam</strong></span> <span class='ocrx_word' id='word_1_217' title='bbox 1032 2765 1173 2850; x_wconf 76' lang='lat' dir='ltr'><strong>Cyclops</strong></span> <span class='ocrx_word' id='word_1_218' title='bbox 1188 2766 1389 2849; x_wconf 82' lang='lat' dir='ltr'><strong>Euripideus</strong></span> 
     </span>
     <span class='ocr_line' id='line_1_26' title="bbox 226 2866 1388 2952; baseline 0.002 -20"><span class='ocrx_word' id='word_1_219' title='bbox 226 2886 279 2932; x_wconf 90' lang='lat' dir='ltr'><strong>uu.</strong></span> <span class='ocrx_word' id='word_1_220' title='bbox 294 2868 356 2930; x_wconf 81' lang='lat'><strong>503</strong></span> <span class='ocrx_word' id='word_1_221' title='bbox 365 2885 436 2950; x_wconf 87' lang='lat' dir='ltr'><strong>sqq.</strong></span> <span class='ocrx_word' id='word_1_222' title='bbox 471 2866 598 2932; x_wconf 86' lang='lat' dir='ltr'><strong>Licebit</strong></span> <span class='ocrx_word' id='word_1_223' title='bbox 619 2868 717 2951; x_wconf 89' lang='lat' dir='ltr'><strong>igitur</strong></span> <span class='ocrx_word' id='word_1_224' title='bbox 732 2868 857 2952; x_wconf 88' lang='lat' dir='ltr'><strong>opinari</strong></span> <span class='ocrx_word' id='word_1_225' title='bbox 873 2868 970 2934; x_wconf 89' lang='lat' dir='ltr'><strong>etiam</strong></span> <span class='ocrx_word' id='word_1_226' title='bbox 993 2867 1027 2931; x_wconf 92' lang='lat' dir='ltr'><strong>in</strong></span> <span class='ocrx_word' id='word_1_227' title='bbox 1048 2867 1154 2933; x_wconf 92' lang='lat' dir='ltr'><strong>mimis</strong></span> <span class='ocrx_word' id='word_1_228' title='bbox 1175 2868 1276 2934; x_wconf 84' lang='lat' dir='ltr'><strong>luisse</strong></span> <span class='ocrx_word' id='word_1_229' title='bbox 1298 2889 1388 2935; x_wconf 92' lang='lat' dir='ltr'><strong>amo-</strong></span> 
     </span>
     <span class='ocr_line' id='line_1_27' title="bbox 226 2968 1389 3054; baseline 0.003 -21"><span class='ocrx_word' id='word_1_230' title='bbox 226 2989 278 3034; x_wconf 89' lang='lat' dir='ltr'><strong>res</strong></span> <span class='ocrx_word' id='word_1_231' title='bbox 294 2968 488 3052; x_wconf 83' lang='lat' dir='ltr'><strong>Polyphemi</strong></span> <span class='ocrx_word' id='word_1_232' title='bbox 511 2976 544 3036; x_wconf 91' lang='lat' dir='ltr'><strong>et</strong></span> <span class='ocrx_word' id='word_1_233' title='bbox 559 2968 725 3052; x_wconf 58' lang='lat' dir='ltr'><strong>Galateam</strong></span> <span class='ocrx_word' id='word_1_234' title='bbox 749 2969 836 3051; x_wconf 91' lang='lat' dir='ltr'><strong>quod</strong></span> <span class='ocrx_word' id='word_1_235' title='bbox 859 2968 996 3036; x_wconf 89' lang='lat' dir='ltr'><strong>suadent</strong></span> <span class='ocrx_word' id='word_1_236' title='bbox 1018 2988 1101 3052; x_wconf 85' lang='lat' dir='ltr'><strong>quae</strong></span> <span class='ocrx_word' id='word_1_237' title='bbox 1124 2975 1274 3034; x_wconf 89' lang='lat' dir='ltr'><strong>secuntur</strong></span> <span class='ocrx_word' id='word_1_238' title='bbox 1295 2972 1389 3054; x_wconf 91' lang='lat' dir='ltr'><strong>apud</strong></span> 
     </span>
    </p>
   </div>
   <div class='ocr_carea' id='block_1_6' title="bbox 224 3069 1389 4069">
    <p class='ocr_par' dir='ltr' id='par_1_7' title="bbox 224 3069 1389 4069">
     <span class='ocr_line' id='line_1_28' title="bbox 226 3069 1388 3154; baseline 0.002 -18"><span class='ocrx_word' id='word_1_239' title='bbox 226 3069 429 3137; x_wconf 86' lang='lat' dir='ltr'><strong>Athenaeum</strong></span> <span class='ocrx_word' id='word_1_240' title='bbox 461 3071 501 3138; x_wconf 89' lang='lat' dir='ltr'><strong>de</strong></span> <span class='ocrx_word' id='word_1_241' title='bbox 530 3071 741 3139; x_wconf 88' lang='lat' dir='ltr'><strong>similitudine</strong></span> <span class='ocrx_word' id='word_1_242' title='bbox 774 3073 856 3136; x_wconf 90' lang='lat' dir='ltr'><strong>inter</strong></span> <span class='ocrx_word' id='word_1_243' title='bbox 885 3070 1096 3154; x_wconf 91' lang='lat' dir='ltr'><strong>magodorum</strong></span> <span class='ocrx_word' id='word_1_244' title='bbox 1126 3075 1159 3135; x_wconf 90' lang='lat' dir='ltr'><strong>et</strong></span> <span class='ocrx_word' id='word_1_245' title='bbox 1188 3072 1388 3138; x_wconf 86' lang='lat' dir='ltr'><strong>comicorum</strong></span> 
     </span>
     <span class='ocr_line' id='line_1_29' title="bbox 226 3169 1388 3256; baseline 0.001 -18"><span class='ocrx_word' id='word_1_246' title='bbox 226 3179 416 3256; x_wconf 88' lang='lat' dir='ltr'><strong>argumenta</strong></span> <span class='ocrx_word' id='word_1_247' title='bbox 438 3173 672 3241; x_wconf 87' lang='lat' dir='ltr'><strong>intercedente:</strong></span> <span class='ocrx_word' id='word_1_248' title='bbox 702 3170 865 3249; x_wconf 79' lang='grc' dir='ltr'><em>πολλάκις</em></span> <span class='ocrx_word' id='word_1_249' title='bbox 888 3170 924 3236; x_wconf 78' lang='grc' dir='ltr'><strong>δὲ</strong></span> <span class='ocrx_word' id='word_1_250' title='bbox 947 3171 980 3237; x_wconf 84' lang='lat' dir='ltr'><strong>ol</strong></span> <span class='ocrx_word' id='word_1_251' title='bbox 1001 3169 1151 3255; x_wconf 79' lang='grc' dir='ltr'><em>μαγῳδοὶ</em></span> <span class='ocrx_word' id='word_1_252' title='bbox 1175 3171 1230 3236; x_wconf 81' lang='grc' dir='ltr'><strong>καὶ</strong></span> <span class='ocrx_word' id='word_1_253' title='bbox 1253 3195 1388 3255; x_wconf 86' lang='grc' dir='ltr'><em>κωμι-</em></span> 
     </span>
     <span class='ocr_line' id='line_1_30' title="bbox 225 3265 1388 3360; baseline 0.001 -22"><span class='ocrx_word' id='word_1_254' title='bbox 225 3270 299 3351; x_wconf 85' lang='grc' dir='ltr'><strong>κὰς</strong></span> <span class='ocrx_word' id='word_1_255' title='bbox 321 3268 557 3352; x_wconf 74' lang='grc' dir='ltr'><em>ὑποθέσεις</em></span> <span class='ocrx_word' id='word_1_256' title='bbox 580 3272 738 3360; x_wconf 81' lang='grc' dir='ltr'><em>λαβόντες</em></span> <span class='ocrx_word' id='word_1_257' title='bbox 759 3268 993 3359; x_wconf 73' lang='grc' dir='ltr'><em>ὑπεκρίθησαν</em></span> <span class='ocrx_word' id='word_1_258' title='bbox 1011 3267 1095 3336; x_wconf 81' lang='grc' dir='ltr'><em>κατὰ</em></span> <span class='ocrx_word' id='word_1_259' title='bbox 1111 3267 1172 3357; x_wconf 86' lang='grc' dir='ltr'><strong>τὴν</strong></span> <span class='ocrx_word' id='word_1_260' title='bbox 1188 3269 1279 3338; x_wconf 79' lang='grc' dir='ltr'><em>ἰδίαν</em></span> <span class='ocrx_word' id='word_1_261' title='bbox 1295 3265 1388 3359; x_wconf 81' lang='grc' dir='ltr'><em>ἆγω-</em></span> 
     </span>
     <span class='ocr_line' id='line_1_31' title="bbox 225 3373 1389 3461; baseline 0.005 -22"><span class='ocrx_word' id='word_1_262' title='bbox 225 3373 284 3460; x_wconf 83' lang='grc' dir='ltr'><strong>γὴν</strong></span> <span class='ocrx_word' id='word_1_263' title='bbox 306 3377 363 3442; x_wconf 87' lang='grc' dir='ltr'><strong>καὶ</strong></span> <span class='ocrx_word' id='word_1_264' title='bbox 392 3374 560 3442; x_wconf 79' lang='grc' dir='ltr'><em>διάθεσιν.</em></span> <span class='ocrx_word' id='word_1_265' title='bbox 604 3378 712 3461; x_wconf 85' lang='lat' dir='ltr'><strong>Atque</strong></span> <span class='ocrx_word' id='word_1_266' title='bbox 742 3376 836 3443; x_wconf 90' lang='lat' dir='ltr'><strong>huius</strong></span> <span class='ocrx_word' id='word_1_267' title='bbox 866 3375 997 3459; x_wconf 90' lang='lat' dir='ltr'><strong>quidem</strong></span> <span class='ocrx_word' id='word_1_268' title='bbox 1027 3375 1148 3458; x_wconf 89' lang='lat' dir='ltr'><strong>speciei</strong></span> <span class='ocrx_word' id='word_1_269' title='bbox 1176 3374 1250 3440; x_wconf 87' lang='lat' dir='ltr'><strong>rudi</strong></span> <span class='ocrx_word' id='word_1_270' title='bbox 1278 3376 1389 3444; x_wconf 88' lang='lat' dir='ltr'><strong>forma</strong></span> 
     </span>
     <span class='ocr_line' id='line_1_32' title="bbox 226 3475 1386 3563; baseline 0.003 -21"><span class='ocrx_word' id='word_1_271' title='bbox 226 3477 440 3559; x_wconf 88' lang='lat' dir='ltr'><strong>degeneratus</strong></span> <span class='ocrx_word' id='word_1_272' title='bbox 455 3480 559 3562; x_wconf 89' lang='lat' dir='ltr'><strong>magis</strong></span> <span class='ocrx_word' id='word_1_273' title='bbox 575 3499 671 3563; x_wconf 88' lang='lat' dir='ltr'><strong>quam</strong></span> <span class='ocrx_word' id='word_1_274' title='bbox 694 3480 840 3546; x_wconf 85' lang='lat' dir='ltr'><strong>excultus</strong></span> <span class='ocrx_word' id='word_1_275' title='bbox 862 3475 992 3562; x_wconf 91' lang='lat' dir='ltr'><strong>mythus</strong></span> <span class='ocrx_word' id='word_1_276' title='bbox 1015 3476 1153 3558; x_wconf 86' lang='lat' dir='ltr'><strong>primum</strong></span> <span class='ocrx_word' id='word_1_277' title='bbox 1175 3475 1305 3543; x_wconf 89' lang='lat' dir='ltr'><strong>uidetur</strong></span> <span class='ocrx_word' id='word_1_278' title='bbox 1318 3479 1386 3546; x_wconf 92' lang='lat' dir='ltr'><strong>Ita·</strong></span> 
     </span>
     <span class='ocr_line' id='line_1_33' title="bbox 225 3577 1388 3664; baseline 0.004 -20"><span class='ocrx_word' id='word_1_279' title='bbox 225 3581 330 3645; x_wconf 92' lang='lat' dir='ltr'><strong>lorum</strong></span> <span class='ocrx_word' id='word_1_280' title='bbox 352 3579 534 3646; x_wconf 90' lang='lat' dir='ltr'><strong>nationibus</strong></span> <span class='ocrx_word' id='word_1_281' title='bbox 557 3580 693 3647; x_wconf 88' lang='lat' dir='ltr'><strong>traditus</strong></span> <span class='ocrx_word' id='word_1_282' title='bbox 716 3600 804 3664; x_wconf 87' lang='lat' dir='ltr'><strong>esse;</strong></span> <span class='ocrx_word' id='word_1_283' title='bbox 834 3584 919 3646; x_wconf 90' lang='lat' dir='ltr'><strong>certe</strong></span> <span class='ocrx_word' id='word_1_284' title='bbox 947 3577 1044 3643; x_wconf 81' lang='lat' dir='ltr'><strong>facile</strong></span> <span class='ocrx_word' id='word_1_285' title='bbox 1067 3577 1225 3644; x_wconf 88' lang='lat' dir='ltr'><strong>concedes</strong></span> <span class='ocrx_word' id='word_1_286' title='bbox 1247 3578 1388 3649; x_wconf 87' lang='lat' dir='ltr'><strong>Siciliae</strong></span> 
     </span>
     <span class='ocr_line' id='line_1_34' title="bbox 224 3678 1386 3764; baseline 0.003 -18"><span class='ocrx_word' id='word_1_287' title='bbox 224 3680 361 3764; x_wconf 87' lang='lat' dir='ltr'><strong>figuram</strong></span> <span class='ocrx_word' id='word_1_288' title='bbox 380 3680 536 3746; x_wconf 82' lang='lat' dir='ltr'><strong>comicum</strong></span> <span class='ocrx_word' id='word_1_289' title='bbox 559 3683 748 3748; x_wconf 90' lang='lat' dir='ltr'><strong>sollemnem</strong></span> <span class='ocrx_word' id='word_1_290' title='bbox 770 3681 861 3747; x_wconf 89' lang='lat' dir='ltr'><strong>breui</strong></span> <span class='ocrx_word' id='word_1_291' title='bbox 883 3685 1027 3762; x_wconf 84' lang='lat' dir='ltr'><strong>tempore</strong></span> <span class='ocrx_word' id='word_1_292' title='bbox 1044 3678 1230 3762; x_wconf 81' lang='lat' dir='ltr'><strong>Campanae</strong></span> <span class='ocrx_word' id='word_1_293' title='bbox 1253 3701 1386 3764; x_wconf 89' lang='lat' dir='ltr'><strong>quoque</strong></span> 
     </span>
     <span class='ocr_line' id='line_1_35' title="bbox 224 3780 1387 3866; baseline 0.001 -18"><span class='ocrx_word' id='word_1_294' title='bbox 224 3783 380 3850; x_wconf 90' lang='lat' dir='ltr'><strong>lasciuiae</strong></span> <span class='ocrx_word' id='word_1_295' title='bbox 408 3782 573 3866; x_wconf 88' lang='lat' dir='ltr'><strong>propriam</strong></span> <span class='ocrx_word' id='word_1_296' title='bbox 604 3782 722 3846; x_wconf 88' lang='lat' dir='ltr'><strong>factam</strong></span> <span class='ocrx_word' id='word_1_297' title='bbox 755 3783 805 3858; x_wconf 84' lang='lat' dir='ltr'><strong>(cl.</strong></span> <span class='ocrx_word' id='word_1_298' title='bbox 829 3781 890 3847; x_wconf 83' lang='lat' dir='ltr'><strong>Th.</strong></span> <span class='ocrx_word' id='word_1_299' title='bbox 912 3780 1066 3847; x_wconf 88' lang='lat' dir='ltr'><strong>Panofha</strong></span> <span class='ocrx_word' id='word_1_300' title='bbox 1088 3780 1129 3846; x_wconf 90' lang='lat' dir='ltr'><strong>de</strong></span> <span class='ocrx_word' id='word_1_301' title='bbox 1152 3780 1247 3848; x_wconf 90' lang='lat' dir='ltr'><strong>huius</strong></span> <span class='ocrx_word' id='word_1_302' title='bbox 1276 3783 1387 3865; x_wconf 92' lang='lat' dir='ltr'><strong>mythi</strong></span> 
     </span>
     <span class='ocr_line' id='line_1_36' title="bbox 224 3881 1386 3966; baseline 0 -16"><span class='ocrx_word' id='word_1_303' title='bbox 224 3886 259 3950; x_wconf 93' lang='lat' dir='ltr'><strong>in</strong></span> <span class='ocrx_word' id='word_1_304' title='bbox 277 3883 492 3951; x_wconf 87' lang='lat' dir='ltr'><strong>monumentis</strong></span> <span class='ocrx_word' id='word_1_305' title='bbox 514 3881 650 3966; x_wconf 84' lang='lat' dir='ltr'><strong>parodia</strong></span> <span class='ocrx_word' id='word_1_306' title='bbox 672 3883 705 3948; x_wconf 94' lang='lat' dir='ltr'><strong>in</strong></span> <span class='ocrx_word' id='word_1_307' title='bbox 728 3902 839 3948; x_wconf 91' lang='lat' dir='ltr'><strong>comm.</strong></span> <span class='ocrx_word' id='word_1_308' title='bbox 856 3882 948 3950; x_wconf 88' lang='lat' dir='ltr'><strong>acad.</strong></span> <span class='ocrx_word' id='word_1_309' title='bbox 973 3883 1113 3950; x_wconf 90' lang='lat' dir='ltr'><strong>Berolin.</strong></span> <span class='ocrx_word' id='word_1_310' title='bbox 1128 3881 1242 3966; x_wconf 91' lang='lat' dir='ltr'><strong>philol.</strong></span> <span class='ocrx_word' id='word_1_311' title='bbox 1260 3891 1293 3950; x_wconf 91' lang='lat' dir='ltr'><strong>et</strong></span> <span class='ocrx_word' id='word_1_312' title='bbox 1307 3883 1386 3952; x_wconf 90' lang='lat' dir='ltr'><strong>hist.</strong></span> 
     </span>
     <span class='ocr_line' id='line_1_37' title="bbox 228 3982 1387 4069; baseline 0.002 -21"><span class='ocrx_word' id='word_1_313' title='bbox 228 3988 307 4050; x_wconf 87' lang='grc'>1851</span> <span class='ocrx_word' id='word_1_314' title='bbox 332 3989 492 4069; x_wconf 82' lang='lat' dir='ltr'><strong>p.6sqq.;</strong></span> <span class='ocrx_word' id='word_1_315' title='bbox 522 3983 791 4069; x_wconf 90' lang='lat' dir='ltr'><strong>Heydemannum</strong></span> <span class='ocrx_word' id='word_1_316' title='bbox 814 3985 847 4048; x_wconf 92' lang='lat' dir='ltr'><strong>in</strong></span> <span class='ocrx_word' id='word_1_317' title='bbox 869 3986 974 4051; x_wconf 90' lang='lat' dir='ltr'><strong>annal.</strong></span> <span class='ocrx_word' id='word_1_318' title='bbox 998 3985 1095 4052; x_wconf 88' lang='lat' dir='ltr'><strong>instit.</strong></span> <span class='ocrx_word' id='word_1_319' title='bbox 1118 3982 1387 4050; x_wconf 88' lang='lat' dir='ltr'><strong>archaeol.1878</strong></span> 
     </span>
    </p>
   </div>
   <div class='ocr_carea' id='block_1_7' title="bbox 0 0 1504 4674">
    <p class='ocr_par' dir='ltr' id='par_1_8' title="bbox 0 0 1504 4674">
     <span class='ocr_line' id='line_1_38' title="bbox 0 0 1504 4674; baseline 0 3"><span class='ocrx_word' id='word_1_320' title='bbox 0 0 1504 4674; x_wconf 95' lang='lat' dir='ltr'><strong> </strong></span> 
     </span>
    </p>
   </div>
  </div>
 </body>
</html>
