3028 4672
429 276 470 332 De
488 274 652 346 Polyphemo
671 280 698 331 et
716 275 838 332 Galatea.
1147 275 1206 336 187

71 455 188 537 fecisse,
216 471 309 536 quem
330 471 439 518 amoro
461 448 612 516 Nereidis
633 450 833 532 potissimum
855 448 1010 533 flagrasse
1032 451 1208 516 communis

72 556 154 638 origo
175 553 220 620 ad
240 553 318 621 deos
339 555 479 620 marinos
507 558 658 620 reuocata
686 553 784 635 uulgo
811 542 991 619 fabulaturi
1012 552 1108 619 facile
1136 571 1207 634 per·

72 655 223 723 suaderet.
255 655 458 722 Athenaeum
476 655 573 738 igItur
589 655 699 737 secuti,
721 654 763 720 de
778 655 867 720 cuius
882 655 970 720 fonte
984 654 1092 720 statim
1104 673 1210 737 pauca

71 758 237 841 addemus,
261 762 362 823 totum
386 776 513 822 carmen
535 757 694 823 artissime
716 775 788 821 cunr
809 756 878 822 uita
899 753 1071 822 Philoxeni
1094 753 1208 827 cubae

71 860 143 927 sisse
163 859 388 943 comperimus.

147 961 281 1028 Constat
294 965 401 1026 autem
418 965 548 1043 poetam
570 959 690 1028 diutius
712 959 766 1026 uel
787 960 916 1044 saepius
931 958 1099 1043 Syracusis
1121 958 1209 1043 apud

70 1063 255 1146 Dionysium
270 1063 425 1127 maiorem
439 1067 608 1146 tyrannum
621 1065 784 1128 uersatum
799 1080 880 1145 esse,
904 1062 959 1144 qui
974 1081 1073 1144 regno
1088 1061 1208 1144 potitus

70 1172 115 1231 est
129 1163 177 1230 Ol.
190 1166 243 1245 93,
256 1167 286 1228 4.
319 1163 521 1246 Bergleinins
535 1165 714 1230 accuratius
731 1170 856 1248 tempus
877 1164 965 1231 illius
988 1163 1209 1232 commoratio·

70 1268 114 1333 uis
134 1266 294 1347 simulque
316 1262 512 1347 dithyrambi
535 1264 668 1332 definire
690 1271 822 1332 conatus
844 1265 920 1332 inde
942 1265 984 1331 ab
1006 1287 1089 1332 anno
1105 1265 1155 1333 Ol.
1168 1270 1209 1330 97

70 1370 180 1451 altero,
211 1385 284 1433 cum
306 1365 503 1434 debellatum
526 1373 610 1432 esset
639 1387 711 1434 oum
733 1366 1065 1453 Carthaginiensibus,
1094 1389 1209 1454 pacem

71 1470 165 1553 magis
181 1469 366 1536 continuam
380 1468 458 1534 satis
473 1468 531 1534 otii
545 1469 657 1534 talium
678 1469 855 1534 studiorum
876 1470 1076 1552 suggessisse
1098 1471 1208 1549 (Diod.

71 1571 134 1654 XV,
147 1573 177 1650 6)
201 1589 267 1636 uon
287 1570 373 1634 male
389 1571 534 1637 coniecit.
570 1570 720 1636 Refertae
743 1575 815 1635 sunt
836 1589 946 1635 eorum
968 1569 1131 1655 historiae,
1154 1575 1210 1656 qui

71 1673 108 1739 de
128 1673 285 1757 Dionysio
313 1672 507 1756 scripserunt
534 1672 587 1736 uel
615 1690 667 1738 res
692 1670 913 1754 Syracusanas
940 1672 1027 1738 illius
1057 1676 1210 1756 temporis

71 1777 246 1857 tetigerunt,
268 1774 385 1857 lepidis
400 1772 529 1840 fabellis
544 1771 585 1838 de
604 1773 732 1856 tyranni
755 1778 787 1838 et
810 1778 925 1855 poetae
947 1773 1209 1844 altercationibus

72 1883 99 1942 et
117 1876 432 1943 reconciliationibus
458 1875 509 1954 (cf.
524 1874 620 1942 Diod.
636 1877 657 1939 1.
669 1876 705 1958 l.;
727 1875 804 1942 Luc.
820 1873 895 1940 adu.
911 1875 975 1941 ind.
991 1879 1047 1960 153
1070 1878 1153 1943 Plut.
1167 1878 1209 1944 de

71 1977 133 2043 fort.
148 1978 203 2044 Al.
225 1997 257 2060 p.
270 1980 348 2062 3343
370 1977 487 2044 Athen.
502 1977 528 2060 I,
541 1979 577 2061 63
600 1976 690 2042 Snid.
706 1996 731 2042 s.
743 1996 774 2040 u.
790 1974 971 2052 Φιλοξένου
986 1977 1210 2064 γραμμάτιον;

71 2099 97 2144 u.
112 2081 219 2147 Holm.
236 2078 299 2145 Sic.
315 2078 348 2143 Π
368 2099 400 2162 p.
414 2081 499 2162 449),
521 2080 709 2163 praesertim
725 2098 797 2144 curn
818 2085 915 2162 poeta
937 2081 1111 2147 carminum
1133 2103 1211 2165 pan·

71 2183 241 2265 gordorum
258 2179 364 2246 studio
379 2201 400 2246 a
414 2187 549 2264 tyranno
565 2183 627 2248 sibi
649 2181 710 2248 soli
731 2180 880 2264 placente
902 2181 1097 2264 pertinacius
1120 2202 1210 2249 exer-

72 2285 160 2352 citato
183 2284 318 2349 minime
341 2282 463 2348 feneret
485 2284 526 2349 ob
549 2283 660 2348 iudicii
681 2282 864 2348 libertatem
890 2283 1019 2367 saepius
1047 2284 1081 2348 in
1109 2285 1212 2350 lautu·

72 2387 148 2452 nias
169 2386 343 2452 coniuctus.
377 2382 481 2461 Quam
496 2384 627 2466 quidem
648 2402 786 2466 poenam
807 2402 980 2467 perpessus
1002 2403 1073 2452 esse
1096 2385 1212 2452 dicitur

70 2487 108 2552 ab
129 2488 297 2554 Athenaeo
326 2487 424 2552 etiam
455 2505 527 2551 oum
555 2485 719 2550 tibicinam
741 2486 883 2568 aliquam
904 2506 925 2552 a
947 2485 1104 2570 Dionysio
1125 2509 1211 2554 ama-

71 2595 129 2655 tam
149 2592 361 2670 attrectasset,
385 2606 449 2670 qna
471 2587 512 2654 de
533 2605 567 2652 re
590 2587 768 2654 audiendus
786 2589 884 2655 etiam
899 2586 999 2656 schol.
1014 2588 1111 2656 Arist.
1127 2590 1211 2658 Plut.

71 2693 126 2756 290
145 2713 179 2776 p.
195 2690 293 2772 surb,
310 2692 350 2754 24
359 2708 429 2772 sqq.
441 2688 497 2755 D.:
521 2681 538 2753 ὁ
558 2685 736 2766 Φιλόξενος
751 2683 769 2754 ὅ
787 2688 1081 2776 διθυραμβοποιὸς
1103 2687 1137 2758 ἐν
1155 2697 1213 2758 Σι-

70 2794 154 2880 κελίᾳ
177 2775 219 2878 ἦν
241 2787 336 2876 παρὰ
357 2793 538 2876 Διονυσίῳ.
571 2791 702 2875 λέγουσι
724 2790 760 2856 δὲ
782 2782 837 2858 ὅτι
858 2791 943 2858 ποτὲ
958 2794 1126 2881 Γαλατείᾳ
1147 2794 1213 2860 τινί

71 2891 249 2960 παλλακίδι
269 2897 450 2960 Διονυσίου
473 2892 677 2979 προσέβαλε·
704 2894 761 2958 καλ
782 2893 906 2976 μαθών
927 2894 1107 2972 Διονύσιος
1133 2892 1214 2970 ἐξαί-

70 3018 153 3078 ρισεν
179 2987 281 3061 αὐτὸν
307 2993 355 3072 εἰς
383 2994 554 3078 λατομίαν.
592 2991 721 3084 φεύγων
744 2994 780 3060 δὲ
808 2993 936 3063 ἐκεῖθεν
962 2983 1067 3082 ἦλθεν
1095 2993 1143 3071 εἰς
1171 2992 1213 3059 τὰ

70 3091 123 3185 ὅρη
151 3101 241 3178 (oum
266 3097 478 3166 deterioribus
500 3101 593 3167 codd.
615 3101 738 3184 priores
759 3119 912 3183 peruerse
933 3101 1029 3184 μέρη)
1056 3099 1122 3162 τῶν
1144 3101 1214 3162 Κυ-

70 3199 183 3288 θήρων
198 3201 255 3264 καὶ
270 3196 337 3266 ἐκεῖ
351 3198 462 3289 δρᾶμα
475 3198 535 3286 τὴν
551 3195 737 3266 Γαλάτειαν
753 3197 920 3284 ἐποίησεν,
943 3196 977 3264 ἐν
999 3191 1028 3284 ᾧ
1050 3192 1214 3285 εἰσήνεγκε

71 3299 122 3367 τὸν
144 3299 319 3368 Κύκλωπα
346 3300 472 3390 ἐρῶντα
498 3305 557 3388 τῆς
580 3303 781 3377 Γαλατείας·
807 3303 906 3365 τοῦτο
930 3299 966 3366 δὲ
988 3299 1214 3385 αἰνιττόμενος

71 3401 115 3480 εἰς
141 3403 340 3472 Διονύσιον·
371 3397 534 3470 ἀπείκασε
560 3401 622 3490 γὰρ
651 3395 753 3469 αὐτὸν
780 3405 828 3487 τῷ
850 3400 1027 3483 Κύκλωπι,
1056 3399 1131 3471 ἐπεί
1158 3406 1215 3471 καί

72 3499 168 3584 αὐτὸς
191 3501 209 3572 ὃ
232 3505 411 3582 Διονύσιος
436 3498 494 3572 οὐκ
516 3497 703 3587 dividuam.

152 3607 344 3675 Differentia
365 3616 472 3676 exstat
492 3611 610 3694 aliqua,
634 3609 720 3692 quod
739 3607 965 3691 Aristophanis
987 3609 1161 3676 scholiasta
1182 3610 1215 3673 in

72 3712 229 3778 montibus
245 3708 457 3794 Gytherorum
477 3713 603 3778 insulae
617 3712 736 3778 factum
751 3730 823 3778 esse
838 3711 950 3777 drama
964 3717 1116 3795 autumat,
1139 3710 1215 3776 dum

72 3810 104 3875 in
131 3814 210 3896 ipsis
240 3812 424 3897 lopicidinis
454 3813 629 3899 Cyclopem
656 3814 867 3898 compositum
895 3831 965 3880 esse
993 3812 1091 3878 tradit
1117 3809 1215 3877 Athe·

72 3932 178 4000 naeus,
201 3934 337 3999 quocum
359 3917 518 3982 consentit
538 3916 692 3983 Aelianus
714 3935 780 3981 nar.
796 3915 869 3982 hist.
885 3915 959 3999 XII,
972 3919 1023 3997 44,
1047 3913 1101 3996 qui
1122 3911 1223 3980 addit

73 4015 318 4098 pulcherrimam
338 4018 564 4083 lautumiarum
587 4037 758 4085 cauernam
778 4037 895 4084 nornen
916 4015 1081 4098 accepisse
1103 4013 1215 4081 aPhi-
