2998 4674
225 231 288 290 278
586 226 717 296 Georgius
734 225 868 283 Ricardus
885 224 1002 282 Hollsnd

222 423 284 470 uec
304 401 448 486 profecto
469 402 561 469 illurn
583 399 760 486 deperiisse
782 398 945 480 credetur,
976 397 1033 464 sed
1064 405 1112 464 est
1139 396 1265 479 aliquid
1292 417 1375 481 prae

225 504 340 572 ceteris
361 504 523 588 placuisse
539 502 683 588 Neptuni
703 500 781 583 filio,
804 501 859 583 qui
881 501 954 567 aliis
976 498 1199 566 deficientibus
1220 500 1375 565 amatori·

223 607 283 674 bus
305 605 461 671 uicarium
481 623 517 671 se
539 603 632 670 offert
653 624 717 671 non
738 605 834 688 plane
857 601 1132 668 contemnendum.
1175 600 1242 666 Vix
1264 606 1376 667 autem

224 709 253 775 si
269 725 309 773 ea
322 711 429 772 mente
444 707 578 772 uirtutes
593 705 745 790 Cyclopis
761 709 969 786 enumeraret,
992 708 1027 768 ut
1041 702 1156 769 Doridi
1172 702 1376 770 stomachum

223 813 376 891 moueret,
391 809 545 874 musicam
557 814 659 874 artem
673 806 846 890 laudasset,
862 825 958 891 quam
972 802 1112 870 ludibrio
1127 804 1266 870 loturam
1280 826 1375 888 nym-

223 909 311 996 phae
332 910 462 1026 procaci
482 930 546 976 non
567 915 693 995 poterat
713 929 777 975 non
798 906 998 993 praeuidere.
1034 906 1269 989 Intelleguntur
1290 905 1375 973 haec

224 1018 358 1094 tantum,
381 1011 409 1078 si
431 1030 503 1076 eam
526 1009 699 1076 defendere
721 1017 897 1076 amatorem
915 1010 1180 1092 qualemcumque
1203 1009 1374 1076 statuimus

223 1133 284 1180 nec
305 1114 402 1196 plane
424 1111 668 1197 perhorrescere
691 1113 760 1178 eins
778 1112 954 1194 caritatem,
976 1110 1012 1175 id
1026 1107 1114 1192 quod
1135 1129 1200 1175 non
1219 1110 1333 1226 fpgit
1324 1130 1375 1176 rn-

223 1214 383 1332 uidiosarp
397 1212 570 1279 Nereidem
585 1221 672 1280 recte
686 1214 734 1280 sic
748 1212 944 1280 1ndroantem
959 1233 986 1278 o
1002 1216 1035 1276 1:
1051 1203 1239 1290 Εοίκας,
1215 1235 1241 1274 ω
1259 1209 1375 1276 Γαλά-

223 1337 312 1394 τεια,
337 1305 395 1379 ούκ
416 1311 572 1398 ἐραστήν,
601 1305 716 1379 άλλΗ
702 1312 866 1398 ερώμενον
887 1311 973 1394 έχειν
993 1310 1051 1378 τὸν
1073 1309 1291 1399 Πολύφημον,
1315 1310 1375 1377 οἷα

225 1412 375 1493 ἐπαινεῖς
398 1407 508 1501 αύτόν,
531 1424 564 1484 et
585 1438 612 1483 e.
629 1421 647 1481 5
662 1417 730 1482 fin:
757 1418 909 1492 τοιοῦτος
931 1417 986 1494 (sc.
1003 1411 1155 1499 ἐραστής)
1176 1450 1218 1460 -
1241 1416 1296 1480 σοὶ
1317 1418 1376 1500 χέ-

225 1540 324 1584 νοιτο·
338 1516 394 1584 καὶ
417 1514 456 1583 σύ
480 1509 645 1604 άντερηόης
668 1509 778 1583 αὐτοῦ.
822 1520 905 1585 Toto
927 1524 1035 1584 autem
1057 1517 1146 1584 eaelo
1170 1516 1268 1583 distat
1289 1516 1376 1585 haec

225 1621 362 1688 Galatea
389 1641 411 1687 a
437 1620 630 1688 Theocritea
657 1625 689 1685 et
715 1640 736 1687 a
763 1621 906 1705 fugiente
932 1619 976 1687 id.
998 1621 1047 1684 XI
1075 1626 1107 1686 et
1134 1639 1154 1685 a
1181 1620 1375 1686 lasciuiente

224 1722 268 1788 id.
281 1723 336 1807 VI,
359 1742 456 1806 quam
474 1722 515 1788 ob
533 1742 663 1789 causam
685 1721 728 1787 ad
748 1723 959 1805 posteriorem
980 1719 1084 1805 mythi
1106 1721 1242 1786 formam
1257 1721 1376 1788 Lucia·

223 1843 300 1891 num
322 1843 439 1891 uocare
460 1824 641 1889 maluimus.
677 1822 780 1889 Huius
799 1829 906 1890 autem
928 1823 1050 1888 formae
1071 1822 1220 1888 notitiam
1241 1823 1293 1889 oui
1316 1822 1376 1890 de·

225 1927 301 1992 beat
322 1923 548 1990 Samosatenus
576 1943 659 1990 nunc
681 1925 714 1989 in
736 1923 843 1990 medio
872 1923 1116 2008 relinquendum
1142 1943 1247 2007 neque
1277 1923 1375 1992 huius

224 2027 325 2112 partis
346 2026 418 2092 fons
441 2024 599 2092 eruendus
621 2061 663 2071 -
685 2027 763 2092 satis
790 2024 945 2092 habemus
974 2024 1148 2110 indagare,
1177 2025 1257 2109 quid
1283 2029 1374 2111 noui,

225 2127 311 2194 unde
340 2127 473 2195 accedat
498 2146 540 2193 ex
560 2127 703 2193 Luciano
732 2125 775 2192 ad
803 2125 897 2194 huius
926 2130 1107 2212 argumenti
1136 2129 1373 2212 supellectilem

224 2231 394 2314 poeticam.
438 2230 567 2295 Eminet
589 2228 762 2313 descriptio
784 2230 927 2296 canentis
950 2230 1102 2314 Cyclopis
1123 2231 1216 2296 nonis
1244 2231 1371 2296 lumini·

224 2332 284 2397 bus
307 2332 465 2397 illustrata
487 2352 513 2397 e.
530 2335 622 2414 lsq.:
652 2322 837 2416 ἠκούσαμεν
861 2325 961 2396 αύτοῦ
991 2325 1129 2418 ᾄδοντος
1156 2325 1263 2396 ὁπότε
1292 2329 1372 2396 ἐκώ-

224 2451 313 2514 μασε
334 2429 451 2518 πρῴην
474 2429 531 2496 ἐπὶ
555 2435 608 2497 σέ
637 2423 779 2519 Αφροόέ
779 2456 819 2558 τη
842 2427 988 2520 φλ”λη,
968 2457 1046 2498 ονον
1068 2427 1108 2498 άν
1130 2455 1182 2508 τις
1203 2426 1375 2516 ὀγκᾶσθαι

225 2531 328 2610 ἔδοξε.
360 2535 416 2598 καὶ
440 2525 520 2658 αντη
545 2527 621 2598 ie‘
602 2557 621 2619 η
646 2536 765 2656 πηκτὶς
784 2533 858 2599 οἵα·
847 2559 958 2619 ,κραν
961 2539 1012 2599 λον
1028 2530 1153 2630 ἐλάφου
1168 2532 1292 2617 χυμνόν
1305 2537 1375 2601 τοῖν

226 2635 371 2755 σαρκῶν,
400 2631 519 2698 καὶτὰ
540 2634 600 2716 μὲν
622 2638 743 2750 κέρατα
765 2635 882 2720 πήχεις
904 2628 1018 2718 ὥσπερ
1039 2631 1138 2720 ἦσαν,
1166 2632 1315 2720 ζυγώσας
1336 2636 1376 2702 δὲ

226 2729 311 2804 αύτόι
333 2737 389 2802 καὶ
412 2732 541 2820 ἐνάψας
562 2733 605 2799 τά
627 2737 741 2822 νεῦρα,
765 2730 841 2802 οὐδὲ
862 2735 1005 2803 κόλλοπι
1027 2737 1312 2821 rrcococpdtioetc,²
1297 2763 1376 2821 εμε-

226 2833 365 2926 λιύόει”
343 2835 491 2961 αμοησόν
506 2863 539 2903 τι
557 2839 613 2902 καὶ
632 2830 681 2902 άπ
684 2836 779 2923 goddo,
804 2833 884 2904 dito
905 2838 965 2921 μὲν
989 2830 1088 2915 αύτός
1109 2841 1207 2922 βοῶν,
1232 2834 1313 2906 άλλο
1337 2841 1376 2908 δὲ

225 2968 244 3027 η
234 2936 376 3027 λυρα
359 2938 487 3057 υπήχει,
511 2931 598 3006 ὥστε
613 2933 689 3006 οὐδὲ
703 2944 850 3066 κατέχειν
871 2939 929 3008 τόν
950 2940 1078 3026 γέλωτα
1100 2938 1329 3060 εύυνάμεθα’
1315 2947 1377 3012 επι

225 3067 271 3130 την
296 3067 440 3163 ερωτικην
465 3039 614 3129 έκείνῳ’
600 3036 742 3130 ηύσματι
770 3068 790 3128 η
813 3067 873 3127 μεν
895 3042 957 3130 γὰρ
977 3037 1065 3124 Ἠχιύ
1090 3035 1211 3107 ούόὲ’
1182 3049 1321 3163 αποκρί
1320 3069 1377 3111 νε-

227 3149 313 3210 σθαι
337 3138 423 3230 αύτηι
411 3106 623 3230 ηθελεύ
591 3139 677 3210 ούτοι
700 3143 800 3223 λάλος
823 3143 906 3212 ούσα
927 3146 1142 3270 βρυχωμένῳ,
1174 3135 1250 3208 άλλ
1275 3139 1378 3233 ησχύ·

227 3270 315 3326 νετο,
346 3244 376 3312 εἰ
398 3253 517 3335 φανείη
546 3252 732 3336 μιμουμένη
755 3260 909 3332 τραχεῖαν
931 3239 1020 3335 ηιόην
1041 3271 1097 3311 και
1119 3248 1377 3332 καταγέλαστον.

227 3346 325 3436 έφερε
353 3343 432 3413 dd‘
415 3373 432 3414 ο
457 3346 684 3434 ἐπέραστος’
670 3374 704 3415 εν
725 3363 800 3427 ταῖς
827 3343 985 3434 ἀγκάλαις
1014 3341 1275 3432 άθυρμάτιον”
1252 3374 1377 3434 αρκτου

229 3445 372 3514 σκύλακα
387 3445 424 3512 τό
442 3448 558 3515 λάσιον
574 3443 663 3535 αύτῷ
678 3450 910 3536 προσεοικότα.
946 3452 1046 3519 Rudis
1062 3451 1279 3536 inhabilisque
1302 3454 1377 3538 lyra

229 3551 373 3618 exserui
389 3553 536 3618 comibus
552 3561 719 3638 compacta
737 3554 910 3640 respondet
931 3555 1076 3620 uenatori
1099 3576 1119 3620 a
1133 3553 1233 3620 Musis
1254 3557 1374 3638 alieno,

229 3654 319 3720 cuius
340 3670 455 3718 uocem
475 3660 677 3737 repercutere
702 3665 854 3739 grauaiur
876 3654 974 3722 Echo.
1018 3656 1165 3722 Necdum
1192 3657 1375 3724 inuenimus

227 3756 354 3821 initium
370 3755 487 3821 amoris
509 3755 585 3821 inde
607 3755 789 3841 deductum,
811 3757 896 3824 unde
919 3759 991 3841 ipsa
1011 3764 1119 3824 narrat
1134 3757 1270 3824 Galatea
1293 3778 1319 3824 c.
1336 3761 1373 3822 2:

228 3849 282 3923 ότι
304 3862 495 3939 ποιμαίνων
517 3856 600 3922 ποτὲ
623 3849 691 3922 άπὸ
720 3859 779 3942 τῆς
809 3860 934 3944 σκοπῆς
963 3854 1149 3936 παιζούσας
1176 3853 1263 3944 ἡμᾶς
1292 3857 1374 3924 ἰδών

225 3956 287 4025 ἐπὶ
308 3962 367 4045 τῆς
387 3953 487 4045 ν’όνος
510 3956 543 4025 ἓν
564 3971 636 4035 τοῖς
663 3955 817 4046 πρόποσι
844 3961 902 4046 τῆς
923 3958 1069 4048 Αἴτνης,
1099 3951 1182 4024 καθ’
1209 3957 1227 4026 ὃ
1250 3957 1373 4044 μεταξύ
