<?xml version="1.0" encoding="UTF-8"?>
<!DOCTYPE html PUBLIC "-//W3C//DTD XHTML 1.0 Transitional//EN"
    "http://www.w3.org/TR/xhtml1/DTD/xhtml1-transitional.dtd">
<html xmlns="http://www.w3.org/1999/xhtml" xml:lang="en" lang="en">
 <head>
  <title>
</title>
<meta http-equiv="Content-Type" content="text/html;charset=utf-8" />
  <meta name='ocr-system' content='tesseract 3.04.00' />
  <meta name='ocr-capabilities' content='ocr_page ocr_carea ocr_par ocr_line ocrx_word'/>
</head>
<body>
  <div class='ocr_page' id='page_1' title='image "./depolyphemoetga00hollgoog_0073.png"; bbox 0 0 3028 4672; ppageno 0'>
   <div class='ocr_carea' id='block_1_1' title="bbox 247 177 1032 274">
    <p class='ocr_par' dir='ltr' id='par_1_1' title="bbox 247 177 1032 274">
     <span class='ocr_line' id='line_1_1' title="bbox 247 177 1032 274; baseline -0.02 -3"><span class='ocrx_word' id='word_1_1' title='bbox 247 212 309 272; x_wconf 81' lang='lat'>200</span> <span class='ocrx_word' id='word_1_2' title='bbox 611 205 742 274; x_wconf 76' lang='lat' dir='ltr'>Georgius</span> <span class='ocrx_word' id='word_1_3' title='bbox 761 177 1032 259; x_wconf 80' lang='lat' dir='ltr'>RicardusHolland</span> 
     </span>
    </p>
   </div>
   <div class='ocr_carea' id='block_1_2' title="bbox 250 368 1413 1777">
    <p class='ocr_par' dir='ltr' id='par_1_2' title="bbox 250 368 1411 1367">
     <span class='ocr_line' id='line_1_2' title="bbox 250 368 1409 466; baseline -0.013 -18"><span class='ocrx_word' id='word_1_4' title='bbox 250 403 327 458; x_wconf 85' lang='grc' dir='ltr'><strong><em>σαις</em></strong></span> <span class='ocrx_word' id='word_1_5' title='bbox 349 372 512 466; x_wconf 69' lang='grc' dir='ltr'><strong><em>εὐφώνοις</em></strong></span> <span class='ocrx_word' id='word_1_6' title='bbox 535 375 657 464; x_wconf 76' lang='grc' dir='ltr'><strong><em>ἰωμένη</em></strong></span> <span class='ocrx_word' id='word_1_7' title='bbox 682 374 740 441; x_wconf 80' lang='grc' dir='ltr'>τὸν</span> <span class='ocrx_word' id='word_1_8' title='bbox 763 373 872 460; x_wconf 71' lang='grc' dir='ltr'><strong><em>’ἔρωτα</em></strong></span> <span class='ocrx_word' id='word_1_9' title='bbox 894 370 979 438; x_wconf 80' lang='grc' dir='ltr'><strong><em>κατὰ</em></strong></span> <span class='ocrx_word' id='word_1_10' title='bbox 1005 368 1187 448; x_wconf 79' lang='grc' dir='ltr'><strong><em>Φιλόξενον</em></strong></span> <span class='ocrx_word' id='word_1_11' title='bbox 1215 374 1259 448; x_wconf 86' lang='lat' dir='ltr'>(u.</span> <span class='ocrx_word' id='word_1_12' title='bbox 1275 369 1409 436; x_wconf 87' lang='lat' dir='ltr'>Philod.</span> 
     </span>
     <span class='ocr_line' id='line_1_3' title="bbox 250 470 1408 562; baseline -0.016 -10"><span class='ocrx_word' id='word_1_13' title='bbox 250 484 292 552; x_wconf 91' lang='lat' dir='ltr'>de</span> <span class='ocrx_word' id='word_1_14' title='bbox 306 502 387 549; x_wconf 89' lang='lat' dir='ltr'>mus.</span> <span class='ocrx_word' id='word_1_15' title='bbox 402 482 466 548; x_wconf 93' lang='lat' dir='ltr'>uol.</span> <span class='ocrx_word' id='word_1_16' title='bbox 481 481 611 547; x_wconf 79' lang='lat' dir='ltr'><strong>Hercul.</strong></span> <span class='ocrx_word' id='word_1_17' title='bbox 626 481 652 562; x_wconf 92' lang='lat' dir='ltr'>l,</span> <span class='ocrx_word' id='word_1_18' title='bbox 667 482 727 554; x_wconf 83' lang='lat'>15).</span> <span class='ocrx_word' id='word_1_19' title='bbox 774 477 936 543; x_wconf 89' lang='lat' dir='ltr'>Discimus</span> <span class='ocrx_word' id='word_1_20' title='bbox 958 475 1056 557; x_wconf 91' lang='lat' dir='ltr'>igitur</span> <span class='ocrx_word' id='word_1_21' title='bbox 1078 474 1240 540; x_wconf 90' lang='lat' dir='ltr'>desiderio</span> <span class='ocrx_word' id='word_1_22' title='bbox 1263 470 1408 537; x_wconf 90' lang='lat' dir='ltr'>medica-</span> 
     </span>
     <span class='ocr_line' id='line_1_4' title="bbox 250 572 1411 666; baseline -0.013 -15"><span class='ocrx_word' id='word_1_23' title='bbox 250 592 318 651; x_wconf 93' lang='lat' dir='ltr'>tum</span> <span class='ocrx_word' id='word_1_24' title='bbox 333 602 405 650; x_wconf 87' lang='lat' dir='ltr'>esse</span> <span class='ocrx_word' id='word_1_25' title='bbox 418 581 654 666; x_wconf 79' lang='lat' dir='ltr'>Polyphemum</span> <span class='ocrx_word' id='word_1_26' title='bbox 676 582 740 646; x_wconf 87' lang='lat' dir='ltr'>ianr</span> <span class='ocrx_word' id='word_1_27' title='bbox 762 578 851 663; x_wconf 91' lang='lat' dir='ltr'>apud</span> <span class='ocrx_word' id='word_1_28' title='bbox 864 576 1080 642; x_wconf 82' lang='lat' dir='ltr'>Philoxenum</span> <span class='ocrx_word' id='word_1_29' title='bbox 1102 609 1143 619; x_wconf 88' lang='lat'>-</span> <span class='ocrx_word' id='word_1_30' title='bbox 1165 574 1299 656; x_wconf 91' lang='lat' dir='ltr'>dignum</span> <span class='ocrx_word' id='word_1_31' title='bbox 1318 572 1411 654; x_wconf 86' lang='lat' dir='ltr'>quod</span> 
     </span>
     <span class='ocr_line' id='line_1_5' title="bbox 251 674 1406 767; baseline -0.012 -16"><span class='ocrx_word' id='word_1_32' title='bbox 251 685 430 751; x_wconf 82' lang='lat' dir='ltr'><strong>adnotetur.</strong></span> <span class='ocrx_word' id='word_1_33' title='bbox 463 685 606 767; x_wconf 78' lang='lat' dir='ltr'>Imperat</span> <span class='ocrx_word' id='word_1_34' title='bbox 619 688 727 748; x_wconf 91' lang='lat' dir='ltr'>autem</span> <span class='ocrx_word' id='word_1_35' title='bbox 743 678 916 765; x_wconf 83' lang='lat' dir='ltr'>delphinis,</span> <span class='ocrx_word' id='word_1_36' title='bbox 934 682 969 742; x_wconf 91' lang='lat' dir='ltr'>ut</span> <span class='ocrx_word' id='word_1_37' title='bbox 983 677 1129 742; x_wconf 86' lang='lat' dir='ltr'>nuntient</span> <span class='ocrx_word' id='word_1_38' title='bbox 1144 674 1301 741; x_wconf 80' lang='lat' dir='ltr'>Galateae</span> <span class='ocrx_word' id='word_1_39' title='bbox 1316 693 1406 739; x_wconf 90' lang='lat' dir='ltr'>amo·</span> 
     </span>
     <span class='ocr_line' id='line_1_6' title="bbox 251 775 1405 863; baseline -0.011 -11"><span class='ocrx_word' id='word_1_40' title='bbox 251 806 319 852; x_wconf 91' lang='lat' dir='ltr'>rem</span> <span class='ocrx_word' id='word_1_41' title='bbox 335 807 399 852; x_wconf 93' lang='lat' dir='ltr'>non</span> <span class='ocrx_word' id='word_1_42' title='bbox 414 785 498 851; x_wconf 87' lang='lat' dir='ltr'>ultra</span> <span class='ocrx_word' id='word_1_43' title='bbox 513 785 668 851; x_wconf 90' lang='lat' dir='ltr'>musicam</span> <span class='ocrx_word' id='word_1_44' title='bbox 691 782 843 863; x_wconf 79' lang='grc'><strong>11111111,</strong></span> <span class='ocrx_word' id='word_1_45' title='bbox 866 800 907 846; x_wconf 90' lang='lat' dir='ltr'>ex</span> <span class='ocrx_word' id='word_1_46' title='bbox 931 798 994 861; x_wconf 88' lang='lat' dir='ltr'>qua</span> <span class='ocrx_word' id='word_1_47' title='bbox 1016 777 1171 843; x_wconf 88' lang='lat' dir='ltr'>solacium</span> <span class='ocrx_word' id='word_1_48' title='bbox 1193 775 1332 860; x_wconf 86' lang='lat' dir='ltr'>adeptus</span> <span class='ocrx_word' id='word_1_49' title='bbox 1354 775 1405 840; x_wconf 88' lang='lat' dir='ltr'>sit.</span> 
     </span>
     <span class='ocr_line' id='line_1_7' title="bbox 252 876 1408 968; baseline -0.013 -15"><span class='ocrx_word' id='word_1_50' title='bbox 252 889 344 954; x_wconf 87' lang='lat' dir='ltr'>Belle</span> <span class='ocrx_word' id='word_1_51' title='bbox 367 885 429 952; x_wconf 91' lang='lat' dir='ltr'>hoc</span> <span class='ocrx_word' id='word_1_52' title='bbox 450 886 588 952; x_wconf 90' lang='lat' dir='ltr'>instituit</span> <span class='ocrx_word' id='word_1_53' title='bbox 612 889 724 968; x_wconf 90' lang='lat' dir='ltr'>poeta,</span> <span class='ocrx_word' id='word_1_54' title='bbox 756 880 843 965; x_wconf 91' lang='lat' dir='ltr'>quod</span> <span class='ocrx_word' id='word_1_55' title='bbox 870 899 978 946; x_wconf 89' lang='lat' dir='ltr'>rursus</span> <span class='ocrx_word' id='word_1_56' title='bbox 1008 899 1080 944; x_wconf 93' lang='lat' dir='ltr'>cum</span> <span class='ocrx_word' id='word_1_57' title='bbox 1107 877 1300 942; x_wconf 81' lang='lat' dir='ltr'>animalibus</span> <span class='ocrx_word' id='word_1_58' title='bbox 1328 876 1408 942; x_wconf 91' lang='lat' dir='ltr'>fecit</span> 
     </span>
     <span class='ocr_line' id='line_1_8' title="bbox 253 977 1407 1070; baseline -0.011 -15"><span class='ocrx_word' id='word_1_59' title='bbox 253 988 489 1070; x_wconf 79' lang='lat' dir='ltr'>colloquentem</span> <span class='ocrx_word' id='word_1_60' title='bbox 504 985 681 1069; x_wconf 79' lang='lat' dir='ltr'>Cyclopem</span> <span class='ocrx_word' id='word_1_61' title='bbox 697 982 829 1049; x_wconf 88' lang='lat' dir='ltr'>Homeri</span> <span class='ocrx_word' id='word_1_62' title='bbox 852 982 1036 1065; x_wconf 91' lang='lat' dir='ltr'>exemplum</span> <span class='ocrx_word' id='word_1_63' title='bbox 1058 985 1185 1045; x_wconf 90' lang='lat' dir='ltr'>secutus</span> <span class='ocrx_word' id='word_1_64' title='bbox 1208 977 1295 1044; x_wconf 91' lang='lat' dir='ltr'>idern</span> <span class='ocrx_word' id='word_1_65' title='bbox 1319 978 1407 1061; x_wconf 89' lang='lat' dir='ltr'>quod</span> 
     </span>
     <span class='ocr_line' id='line_1_9' title="bbox 254 1079 1407 1170; baseline -0.012 -14"><span class='ocrx_word' id='word_1_66' title='bbox 254 1088 501 1170; x_wconf 86' lang='lat' dir='ltr'>obuersabatur,</span> <span class='ocrx_word' id='word_1_67' title='bbox 526 1107 597 1153; x_wconf 91' lang='lat' dir='ltr'>cum</span> <span class='ocrx_word' id='word_1_68' title='bbox 619 1092 782 1170; x_wconf 85' lang='lat' dir='ltr'>pastorem</span> <span class='ocrx_word' id='word_1_69' title='bbox 804 1102 936 1167; x_wconf 86' lang='lat' dir='ltr'>gregem</span> <span class='ocrx_word' id='word_1_70' title='bbox 957 1080 1181 1147; x_wconf 87' lang='lat' dir='ltr'>adhortantem</span> <span class='ocrx_word' id='word_1_71' title='bbox 1203 1079 1332 1145; x_wconf 87' lang='lat' dir='ltr'>induxit</span> <span class='ocrx_word' id='word_1_72' title='bbox 1354 1079 1407 1155; x_wconf 84' lang='lat' dir='ltr'>(ct.</span> 
     </span>
     <span class='ocr_line' id='line_1_10' title="bbox 254 1183 1145 1269; baseline -0.011 -13"><span class='ocrx_word' id='word_1_73' title='bbox 254 1187 604 1269; x_wconf 82' lang='grc' dir='ltr'><strong>111111.011.ΙΧ,456).</strong></span> <span class='ocrx_word' id='word_1_74' title='bbox 648 1186 731 1252; x_wconf 91' lang='lat' dir='ltr'>Puta</span> <span class='ocrx_word' id='word_1_75' title='bbox 752 1205 829 1264; x_wconf 90' lang='lat' dir='ltr'>uero</span> <span class='ocrx_word' id='word_1_76' title='bbox 851 1183 960 1250; x_wconf 92' lang='lat' dir='ltr'>uerbis</span> <span class='ocrx_word' id='word_1_77' title='bbox 982 1183 1048 1247; x_wconf 88' lang='lat' dir='ltr'>illis</span> <span class='ocrx_word' id='word_1_78' title='bbox 1140 1248 1145 1258; x_wconf 78' lang='grc'><strong>,</strong></span> 
     </span>
     <span class='ocr_line' id='line_1_11' title="bbox 482 1275 1270 1367; baseline -0.006 -17"><span class='ocrx_word' id='word_1_79' title='bbox 482 1278 558 1350; x_wconf 69' lang='grc' dir='ltr'>ἀλλ’</span> <span class='ocrx_word' id='word_1_80' title='bbox 585 1281 637 1350; x_wconf 83' lang='grc' dir='ltr'>εἷα</span> <span class='ocrx_word' id='word_1_81' title='bbox 659 1289 754 1351; x_wconf 80' lang='grc' dir='ltr'><strong><em>τέκεα</em></strong></span> <span class='ocrx_word' id='word_1_82' title='bbox 778 1275 900 1367; x_wconf 77' lang='grc' dir='ltr'>θαμίν&gt;</span> <span class='ocrx_word' id='word_1_83' title='bbox 927 1280 1181 1364; x_wconf 75' lang='grc' dir='ltr'><strong><em>ἐπαναβοῶντες</em></strong></span> <span class='ocrx_word' id='word_1_84' title='bbox 1266 1300 1270 1306; x_wconf 92' lang='grc'><strong><em>·</em></strong></span> 
     </span>
    </p>

    <p class='ocr_par' dir='ltr' id='par_1_3' title="bbox 255 1383 1413 1777">
     <span class='ocr_line' id='line_1_12' title="bbox 256 1383 1410 1473; baseline -0.009 -17"><span class='ocrx_word' id='word_1_85' title='bbox 256 1392 354 1457; x_wconf 87' lang='lat' dir='ltr'>etiam</span> <span class='ocrx_word' id='word_1_86' title='bbox 375 1388 482 1455; x_wconf 81' lang='lat' dir='ltr'>Ulixis</span> <span class='ocrx_word' id='word_1_87' title='bbox 506 1389 640 1455; x_wconf 91' lang='lat' dir='ltr'>comites</span> <span class='ocrx_word' id='word_1_88' title='bbox 663 1395 699 1454; x_wconf 90' lang='lat' dir='ltr'>ut</span> <span class='ocrx_word' id='word_1_89' title='bbox 720 1387 911 1473; x_wconf 90' lang='lat' dir='ltr'>plauderent</span> <span class='ocrx_word' id='word_1_90' title='bbox 932 1406 953 1450; x_wconf 91' lang='lat' dir='ltr'>a</span> <span class='ocrx_word' id='word_1_91' title='bbox 975 1383 1117 1468; x_wconf 77' lang='lat' dir='ltr'>Cyclope</span> <span class='ocrx_word' id='word_1_92' title='bbox 1147 1383 1297 1448; x_wconf 88' lang='lat' dir='ltr'>incitatos</span> <span class='ocrx_word' id='word_1_93' title='bbox 1326 1400 1410 1464; x_wconf 89' lang='lat' dir='ltr'>esse,</span> 
     </span>
     <span class='ocr_line' id='line_1_13' title="bbox 256 1484 1411 1571; baseline -0.01 -14"><span class='ocrx_word' id='word_1_94' title='bbox 256 1491 358 1558; x_wconf 92' lang='lat' dir='ltr'>ueluti</span> <span class='ocrx_word' id='word_1_95' title='bbox 388 1488 483 1555; x_wconf 80' lang='lat' dir='ltr'>Cario</span> <span class='ocrx_word' id='word_1_96' title='bbox 513 1491 626 1556; x_wconf 92' lang='lat' dir='ltr'>incitat</span> <span class='ocrx_word' id='word_1_97' title='bbox 653 1491 804 1571; x_wconf 79' lang='lat' dir='ltr'>rusticos3</span> <span class='ocrx_word' id='word_1_98' title='bbox 834 1505 940 1553; x_wconf 91' lang='lat' dir='ltr'>nonne</span> <span class='ocrx_word' id='word_1_99' title='bbox 968 1486 1158 1552; x_wconf 91' lang='lat' dir='ltr'>acerrimum</span> <span class='ocrx_word' id='word_1_100' title='bbox 1187 1484 1336 1548; x_wconf 90' lang='lat' dir='ltr'>aculeum</span> <span class='ocrx_word' id='word_1_101' title='bbox 1362 1484 1411 1547; x_wconf 94' lang='lat' dir='ltr'>in·</span> 
     </span>
     <span class='ocr_line' id='line_1_14' title="bbox 255 1582 1413 1675; baseline -0.008 -19"><span class='ocrx_word' id='word_1_102' title='bbox 255 1591 381 1658; x_wconf 86' lang='lat' dir='ltr'>fixisset</span> <span class='ocrx_word' id='word_1_103' title='bbox 395 1591 553 1675; x_wconf 90' lang='lat' dir='ltr'>Dionysio</span> <span class='ocrx_word' id='word_1_104' title='bbox 577 1592 730 1656; x_wconf 88' lang='lat' dir='ltr'>conuiuas</span> <span class='ocrx_word' id='word_1_105' title='bbox 753 1588 909 1674; x_wconf 83' lang='lat' dir='ltr'>imprimis</span> <span class='ocrx_word' id='word_1_106' title='bbox 925 1586 1139 1652; x_wconf 90' lang='lat' dir='ltr'>Philoxenum</span> <span class='ocrx_word' id='word_1_107' title='bbox 1162 1589 1197 1648; x_wconf 91' lang='lat' dir='ltr'>ut</span> <span class='ocrx_word' id='word_1_108' title='bbox 1218 1582 1413 1668; x_wconf 87' lang='lat' dir='ltr'>plauderent</span> 
     </span>
     <span class='ocr_line' id='line_1_15' title="bbox 256 1686 1412 1777; baseline -0.01 -16"><span class='ocrx_word' id='word_1_109' title='bbox 256 1693 415 1777; x_wconf 89' lang='lat' dir='ltr'>poematis</span> <span class='ocrx_word' id='word_1_110' title='bbox 431 1693 497 1757; x_wconf 88' lang='lat' dir='ltr'>suis</span> <span class='ocrx_word' id='word_1_111' title='bbox 513 1711 612 1775; x_wconf 80' lang='lat' dir='ltr'>saepe</span> <span class='ocrx_word' id='word_1_112' title='bbox 633 1689 877 1773; x_wconf 82' lang='lat' dir='ltr'>impellentem?</span> <span class='ocrx_word' id='word_1_113' title='bbox 911 1687 1049 1754; x_wconf 91' lang='lat' dir='ltr'>Omnino</span> <span class='ocrx_word' id='word_1_114' title='bbox 1064 1693 1172 1752; x_wconf 91' lang='lat' dir='ltr'>autem</span> <span class='ocrx_word' id='word_1_115' title='bbox 1195 1686 1325 1768; x_wconf 90' lang='lat' dir='ltr'>poetica</span> <span class='ocrx_word' id='word_1_116' title='bbox 1346 1691 1412 1750; x_wconf 88' lang='lat' dir='ltr'>stu-</span> 
     </span>
    </p>
   </div>
   <div class='ocr_carea' id='block_1_3' title="bbox 258 1785 1510 1875">
    <p class='ocr_par' dir='ltr' id='par_1_4' title="bbox 258 1785 1510 1875">
     <span class='ocr_line' id='line_1_16' title="bbox 258 1785 1510 1875; baseline -0.01 -16"><span class='ocrx_word' id='word_1_117' title='bbox 258 1793 314 1859; x_wconf 91' lang='lat' dir='ltr'>dia</span> <span class='ocrx_word' id='word_1_118' title='bbox 334 1793 484 1874; x_wconf 86' lang='lat' dir='ltr'>Dionysii</span> <span class='ocrx_word' id='word_1_119' title='bbox 507 1792 627 1858; x_wconf 87' lang='lat' dir='ltr'>salibus</span> <span class='ocrx_word' id='word_1_120' title='bbox 649 1791 853 1875; x_wconf 84' lang='lat' dir='ltr'>perfricuisse</span> <span class='ocrx_word' id='word_1_121' title='bbox 875 1796 972 1872; x_wconf 91' lang='lat' dir='ltr'>poeta</span> <span class='ocrx_word' id='word_1_122' title='bbox 994 1788 1172 1854; x_wconf 87' lang='lat' dir='ltr'>censendus</span> <span class='ocrx_word' id='word_1_123' title='bbox 1196 1791 1244 1852; x_wconf 90' lang='grc'>111</span> <span class='ocrx_word' id='word_1_124' title='bbox 1266 1785 1412 1861; x_wconf 77' lang='grc'><strong>11111111-</strong></span> <span class='ocrx_word' id='word_1_125' title='bbox 1504 1813 1510 1824; x_wconf 22' lang='grc'><strong>-1</strong></span> 
     </span>
    </p>
   </div>
   <div class='ocr_carea' id='block_1_4' title="bbox 258 1893 1510 4003">
    <p class='ocr_par' dir='ltr' id='par_1_5' title="bbox 258 1893 896 1974">
     <span class='ocr_line' id='line_1_17' title="bbox 258 1893 896 1974; baseline -0.006 -15"><span class='ocrx_word' id='word_1_126' title='bbox 258 1893 410 1959; x_wconf 80' lang='lat' dir='ltr'>bachium</span> <span class='ocrx_word' id='word_1_127' title='bbox 431 1911 463 1974; x_wconf 93' lang='lat' dir='ltr'>p.</span> <span class='ocrx_word' id='word_1_128' title='bbox 477 1893 540 1967; x_wconf 82' lang='lat'>73).</span> <span class='ocrx_word' id='word_1_129' title='bbox 893 1963 896 1966; x_wconf 56' lang='grc'><strong>,</strong></span> 
     </span>
    </p>

    <p class='ocr_par' dir='ltr' id='par_1_6' title="bbox 258 1988 1510 4003">
     <span class='ocr_line' id='line_1_18' title="bbox 344 1988 1413 2074; baseline -0.004 -16"><span class='ocrx_word' id='word_1_130' title='bbox 344 1993 430 2058; x_wconf 85' lang='lat' dir='ltr'>Num</span> <span class='ocrx_word' id='word_1_131' title='bbox 445 1990 583 2057; x_wconf 77' lang='lat' dir='ltr'>Galatea</span> <span class='ocrx_word' id='word_1_132' title='bbox 596 1991 799 2074; x_wconf 87' lang='lat' dir='ltr'>responderit</span> <span class='ocrx_word' id='word_1_133' title='bbox 814 1992 940 2057; x_wconf 89' lang='lat' dir='ltr'>canenti</span> <span class='ocrx_word' id='word_1_134' title='bbox 955 1991 1128 2072; x_wconf 80' lang='lat' dir='ltr'>nescimus,</span> <span class='ocrx_word' id='word_1_135' title='bbox 1153 1989 1211 2055; x_wconf 90' lang='grc'><strong>1111</strong></span> <span class='ocrx_word' id='word_1_136' title='bbox 1227 1988 1324 2054; x_wconf 90' lang='lat' dir='ltr'>ualde</span> <span class='ocrx_word' id='word_1_137' title='bbox 1339 2009 1413 2072; x_wconf 93' lang='lat' dir='ltr'>pro·</span> 
     </span>
     <span class='ocr_line' id='line_1_19' title="bbox 259 2090 1414 2175; baseline -0.003 -14"><span class='ocrx_word' id='word_1_138' title='bbox 259 2095 369 2161; x_wconf 89' lang='lat' dir='ltr'>babile</span> <span class='ocrx_word' id='word_1_139' title='bbox 384 2091 512 2158; x_wconf 89' lang='lat' dir='ltr'>uidetur</span> <span class='ocrx_word' id='word_1_140' title='bbox 527 2111 598 2157; x_wconf 90' lang='lat' dir='ltr'>earn</span> <span class='ocrx_word' id='word_1_141' title='bbox 613 2091 761 2174; x_wconf 82' lang='grc'><strong>11111111,</strong></span> <span class='ocrx_word' id='word_1_142' title='bbox 784 2112 856 2157; x_wconf 89' lang='lat' dir='ltr'>enm</span> <span class='ocrx_word' id='word_1_143' title='bbox 879 2090 1050 2175; x_wconf 90' lang='lat' dir='ltr'>delphinos</span> <span class='ocrx_word' id='word_1_144' title='bbox 1072 2090 1199 2156; x_wconf 88' lang='lat' dir='ltr'>nuntios</span> <span class='ocrx_word' id='word_1_145' title='bbox 1221 2092 1328 2157; x_wconf 89' lang='lat' dir='ltr'>mittat</span> <span class='ocrx_word' id='word_1_146' title='bbox 1348 2112 1414 2157; x_wconf 93' lang='lat' dir='ltr'>non</span> 
     </span>
     <span class='ocr_line' id='line_1_20' title="bbox 260 2191 1413 2276; baseline -0.004 -14"><span class='ocrx_word' id='word_1_147' title='bbox 260 2194 431 2263; x_wconf 88' lang='lat' dir='ltr'>exauditus</span> <span class='ocrx_word' id='word_1_148' title='bbox 447 2199 580 2276; x_wconf 88' lang='lat' dir='ltr'>amator,</span> <span class='ocrx_word' id='word_1_149' title='bbox 597 2192 636 2259; x_wconf 85' lang='lat' dir='ltr'>cf.</span> <span class='ocrx_word' id='word_1_150' title='bbox 649 2191 931 2259; x_wconf 83' lang='lat' dir='ltr'>Schneidewinum</span> <span class='ocrx_word' id='word_1_151' title='bbox 942 2200 1030 2258; x_wconf 91' lang='lat' dir='ltr'>nunt.</span> <span class='ocrx_word' id='word_1_152' title='bbox 1042 2192 1218 2259; x_wconf 77' lang='grc'><strong>(11111844</strong></span> <span class='ocrx_word' id='word_1_153' title='bbox 1234 2194 1413 2276; x_wconf 73' lang='grc'><strong>1137911.</strong></span> 
     </span>
     <span class='ocr_line' id='line_1_21' title="bbox 261 2293 1414 2378; baseline -0.002 -16"><span class='ocrx_word' id='word_1_154' title='bbox 261 2295 355 2374; x_wconf 83' lang='lat' dir='ltr'>Quod</span> <span class='ocrx_word' id='word_1_155' title='bbox 372 2295 426 2378; x_wconf 90' lang='lat' dir='ltr'>qui</span> <span class='ocrx_word' id='word_1_156' title='bbox 442 2295 511 2360; x_wconf 91' lang='lat' dir='ltr'>sani</span> <span class='ocrx_word' id='word_1_157' title='bbox 534 2293 647 2361; x_wconf 91' lang='lat' dir='ltr'>iudicii</span> <span class='ocrx_word' id='word_1_158' title='bbox 669 2300 717 2360; x_wconf 88' lang='lat' dir='ltr'>est</span> <span class='ocrx_word' id='word_1_159' title='bbox 738 2296 897 2378; x_wconf 88' lang='lat' dir='ltr'>probabit.</span> <span class='ocrx_word' id='word_1_160' title='bbox 934 2295 1063 2360; x_wconf 86' lang='lat' dir='ltr'>Futtilis</span> <span class='ocrx_word' id='word_1_161' title='bbox 1086 2295 1170 2359; x_wconf 91' lang='lat' dir='ltr'>enim</span> <span class='ocrx_word' id='word_1_162' title='bbox 1193 2300 1243 2360; x_wconf 91' lang='lat' dir='ltr'>est</span> <span class='ocrx_word' id='word_1_163' title='bbox 1256 2295 1414 2378; x_wconf 89' lang='lat' dir='ltr'>Klingen·</span> 
     </span>
     <span class='ocr_line' id='line_1_22' title="bbox 260 2394 1414 2480; baseline -0.002 -18"><span class='ocrx_word' id='word_1_164' title='bbox 260 2397 331 2462; x_wconf 92' lang='lat' dir='ltr'>deri</span> <span class='ocrx_word' id='word_1_165' title='bbox 352 2418 384 2480; x_wconf 94' lang='lat' dir='ltr'>p.</span> <span class='ocrx_word' id='word_1_166' title='bbox 398 2397 439 2458; x_wconf 79' lang='grc'>49</span> <span class='ocrx_word' id='word_1_167' title='bbox 451 2415 498 2477; x_wconf 87' lang='lat' dir='ltr'>sq.</span> <span class='ocrx_word' id='word_1_168' title='bbox 522 2396 765 2478; x_wconf 83' lang='lat' dir='ltr'>argumentatio,</span> <span class='ocrx_word' id='word_1_169' title='bbox 790 2397 846 2480; x_wconf 91' lang='lat' dir='ltr'>qui</span> <span class='ocrx_word' id='word_1_170' title='bbox 867 2417 931 2462; x_wconf 93' lang='lat' dir='ltr'>non</span> <span class='ocrx_word' id='word_1_171' title='bbox 954 2394 1101 2462; x_wconf 89' lang='lat' dir='ltr'>concedit</span> <span class='ocrx_word' id='word_1_172' title='bbox 1115 2395 1300 2478; x_wconf 90' lang='lat' dir='ltr'>Bergleinio</span> <span class='ocrx_word' id='word_1_173' title='bbox 1316 2395 1414 2460; x_wconf 82' lang='lat' dir='ltr'>Gala-</span> 
     </span>
     <span class='ocr_line' id='line_1_23' title="bbox 259 2496 1416 2580; baseline 0 -17"><span class='ocrx_word' id='word_1_174' title='bbox 259 2505 346 2563; x_wconf 90' lang='lat' dir='ltr'>team</span> <span class='ocrx_word' id='word_1_175' title='bbox 369 2498 402 2560; x_wconf 95' lang='grc'>11</span> <span class='ocrx_word' id='word_1_176' title='bbox 424 2515 576 2562; x_wconf 90' lang='lat' dir='ltr'>scaenam</span> <span class='ocrx_word' id='word_1_177' title='bbox 598 2516 663 2561; x_wconf 93' lang='lat' dir='ltr'>non</span> <span class='ocrx_word' id='word_1_178' title='bbox 684 2497 860 2580; x_wconf 88' lang='lat' dir='ltr'>prodiisse,</span> <span class='ocrx_word' id='word_1_179' title='bbox 890 2498 942 2563; x_wconf 93' lang='lat' dir='ltr'>oui</span> <span class='ocrx_word' id='word_1_180' title='bbox 964 2498 991 2563; x_wconf 90' lang='lat' dir='ltr'>si</span> <span class='ocrx_word' id='word_1_181' title='bbox 1013 2516 1078 2562; x_wconf 94' lang='lat' dir='ltr'>non</span> <span class='ocrx_word' id='word_1_182' title='bbox 1106 2496 1224 2580; x_wconf 88' lang='lat' dir='ltr'>primas</span> <span class='ocrx_word' id='word_1_183' title='bbox 1253 2503 1287 2562; x_wconf 88' lang='lat' dir='ltr'>at</span> <span class='ocrx_word' id='word_1_184' title='bbox 1314 2497 1416 2564; x_wconf 89' lang='lat' dir='ltr'>fuisse</span> 
     </span>
     <span class='ocr_line' id='line_1_24' title="bbox 262 2596 1415 2682; baseline -0.001 -18"><span class='ocrx_word' id='word_1_185' title='bbox 262 2604 366 2665; x_wconf 87' lang='lat' dir='ltr'>certas</span> <span class='ocrx_word' id='word_1_186' title='bbox 396 2596 551 2679; x_wconf 88' lang='lat' dir='ltr'>quasdam</span> <span class='ocrx_word' id='word_1_187' title='bbox 580 2598 613 2660; x_wconf 94' lang='lat' dir='ltr'>in</span> <span class='ocrx_word' id='word_1_188' title='bbox 637 2597 777 2663; x_wconf 80' lang='lat' dir='ltr'>carmine</span> <span class='ocrx_word' id='word_1_189' title='bbox 798 2604 907 2681; x_wconf 89' lang='lat' dir='ltr'>partes</span> <span class='ocrx_word' id='word_1_190' title='bbox 929 2604 961 2664; x_wconf 92' lang='lat' dir='ltr'>et</span> <span class='ocrx_word' id='word_1_191' title='bbox 983 2617 1026 2663; x_wconf 89' lang='lat' dir='ltr'>ex</span> <span class='ocrx_word' id='word_1_192' title='bbox 1047 2598 1176 2664; x_wconf 89' lang='lat' dir='ltr'>nomine</span> <span class='ocrx_word' id='word_1_193' title='bbox 1204 2596 1415 2682; x_wconf 88' lang='lat' dir='ltr'>dithyrambi,</span> 
     </span>
     <span class='ocr_line' id='line_1_25' title="bbox 262 2696 1415 2784; baseline 0 -19"><span class='ocrx_word' id='word_1_194' title='bbox 262 2701 317 2784; x_wconf 93' lang='lat' dir='ltr'>qui</span> <span class='ocrx_word' id='word_1_195' title='bbox 334 2700 430 2764; x_wconf 90' lang='lat' dir='ltr'>etiam</span> <span class='ocrx_word' id='word_1_196' title='bbox 445 2696 583 2763; x_wconf 80' lang='lat' dir='ltr'>Galatea</span> <span class='ocrx_word' id='word_1_197' title='bbox 605 2698 775 2780; x_wconf 88' lang='lat' dir='ltr'>inscriptus</span> <span class='ocrx_word' id='word_1_198' title='bbox 798 2700 848 2782; x_wconf 90' lang='lat' dir='ltr'>sit,</span> <span class='ocrx_word' id='word_1_199' title='bbox 872 2704 905 2764; x_wconf 90' lang='lat' dir='ltr'>et</span> <span class='ocrx_word' id='word_1_200' title='bbox 927 2718 968 2764; x_wconf 89' lang='lat' dir='ltr'>ex</span> <span class='ocrx_word' id='word_1_201' title='bbox 983 2698 1132 2764; x_wconf 85' lang='lat' dir='ltr'>AthenI</span> <span class='ocrx_word' id='word_1_202' title='bbox 1153 2700 1217 2782; x_wconf 85' lang='lat' dir='ltr'>p.6</span> <span class='ocrx_word' id='word_1_203' title='bbox 1242 2699 1415 2783; x_wconf 88' lang='lat' dir='ltr'>concludit,</span> 
     </span>
     <span class='ocr_line' id='line_1_26' title="bbox 258 2795 1510 2886; baseline 0.001 -20"><span class='ocrx_word' id='word_1_204' title='bbox 258 2795 389 2886; x_wconf 89' lang='lat' dir='ltr'>‘quibus</span> <span class='ocrx_word' id='word_1_205' title='bbox 417 2797 632 2863; x_wconf 91' lang='lat' dir='ltr'>Philoxenum</span> <span class='ocrx_word' id='word_1_206' title='bbox 666 2797 818 2882; x_wconf 79' lang='lat' dir='ltr'>Cyclopis</span> <span class='ocrx_word' id='word_1_207' title='bbox 846 2818 985 2882; x_wconf 90' lang='lat' dir='ltr'>persona</span> <span class='ocrx_word' id='word_1_208' title='bbox 1013 2799 1221 2884; x_wconf 87' lang='lat' dir='ltr'>Dionysium,</span> <span class='ocrx_word' id='word_1_209' title='bbox 1250 2800 1416 2884; x_wconf 90' lang='lat' dir='ltr'>nymphae</span> <span class='ocrx_word' id='word_1_210' title='bbox 1509 2815 1510 2824; x_wconf 51' lang='lat'><strong>³</strong></span> 
     </span>
     <span class='ocr_line' id='line_1_27' title="bbox 261 2899 1418 2986; baseline -0.002 -18"><span class='ocrx_word' id='word_1_211' title='bbox 261 2902 436 2984; x_wconf 88' lang='lat' dir='ltr'>tibicinam,</span> <span class='ocrx_word' id='word_1_212' title='bbox 459 2899 566 2968; x_wconf 88' lang='lat' dir='ltr'>Ulixis</span> <span class='ocrx_word' id='word_1_213' title='bbox 582 2905 684 2968; x_wconf 85' lang='lat' dir='ltr'>semet</span> <span class='ocrx_word' id='word_1_214' title='bbox 703 2899 809 2983; x_wconf 87' lang='lat' dir='ltr'>ipsum</span> <span class='ocrx_word' id='word_1_215' title='bbox 832 2900 1031 2982; x_wconf 87' lang='lat' dir='ltr'>significasse</span> <span class='ocrx_word' id='word_1_216' title='bbox 1053 2906 1170 2984; x_wconf 91' lang='lat' dir='ltr'>narret,</span> <span class='ocrx_word' id='word_1_217' title='bbox 1194 2900 1335 2984; x_wconf 89' lang='lat' dir='ltr'>denique</span> <span class='ocrx_word' id='word_1_218' title='bbox 1358 2923 1418 2986; x_wconf 89' lang='lat' dir='ltr'>per</span> 
     </span>
     <span class='ocr_line' id='line_1_28' title="bbox 261 2991 1417 3086; baseline 0 -15"><span class='ocrx_word' id='word_1_219' title='bbox 261 3022 296 3071; x_wconf 89' lang='lat' dir='ltr'>se</span> <span class='ocrx_word' id='word_1_220' title='bbox 311 3005 381 3070; x_wconf 88' lang='lat' dir='ltr'>ueri</span> <span class='ocrx_word' id='word_1_221' title='bbox 396 3000 593 3070; x_wconf 91' lang='lat' dir='ltr'>simillimum</span> <span class='ocrx_word' id='word_1_222' title='bbox 611 2991 696 3067; x_wconf 72' lang='grc'>1111&gt;</span> <span class='ocrx_word' id='word_1_223' title='bbox 716 3000 851 3084; x_wconf 89' lang='lat' dir='ltr'>iudicat,</span> <span class='ocrx_word' id='word_1_224' title='bbox 873 2994 982 3068; x_wconf 78' lang='lat' dir='ltr'>‘modo</span> <span class='ocrx_word' id='word_1_225' title='bbox 998 3003 1192 3086; x_wconf 93' lang='lat' dir='ltr'>cogitemus,</span> <span class='ocrx_word' id='word_1_226' title='bbox 1220 3005 1417 3085; x_wconf 90' lang='lat' dir='ltr'>quambene</span> 
     </span>
     <span class='ocr_line' id='line_1_29' title="bbox 263 3101 1416 3188; baseline 0.002 -17"><span class='ocrx_word' id='word_1_227' title='bbox 263 3105 387 3171; x_wconf 88' lang='lat' dir='ltr'>duobus</span> <span class='ocrx_word' id='word_1_228' title='bbox 410 3103 475 3168; x_wconf 89' lang='lat' dir='ltr'>illis</span> <span class='ocrx_word' id='word_1_229' title='bbox 495 3122 602 3168; x_wconf 90' lang='lat' dir='ltr'>coram</span> <span class='ocrx_word' id='word_1_230' title='bbox 624 3104 657 3168; x_wconf 91' lang='lat' dir='ltr'>in</span> <span class='ocrx_word' id='word_1_231' title='bbox 680 3122 830 3168; x_wconf 89' lang='lat' dir='ltr'>scaenam</span> <span class='ocrx_word' id='word_1_232' title='bbox 851 3101 1017 3188; x_wconf 88' lang='lat' dir='ltr'>productis</span> <span class='ocrx_word' id='word_1_233' title='bbox 1039 3104 1152 3170; x_wconf 89' lang='lat' dir='ltr'>sollers</span> <span class='ocrx_word' id='word_1_234' title='bbox 1175 3110 1208 3169; x_wconf 93' lang='lat' dir='ltr'>et</span> <span class='ocrx_word' id='word_1_235' title='bbox 1228 3105 1416 3187; x_wconf 89' lang='lat' dir='ltr'>ingeniosus</span> 
     </span>
     <span class='ocr_line' id='line_1_30' title="bbox 261 3195 1508 3288; baseline 0.001 -16"><span class='ocrx_word' id='word_1_236' title='bbox 261 3211 359 3288; x_wconf 87' lang='lat' dir='ltr'>poeta</span> <span class='ocrx_word' id='word_1_237' title='bbox 374 3206 420 3270; x_wconf 91' lang='lat' dir='ltr'>uti</span> <span class='ocrx_word' id='word_1_238' title='bbox 435 3195 602 3287; x_wconf 84' lang='lat' dir='ltr'>potuerit&#39;.</span> <span class='ocrx_word' id='word_1_239' title='bbox 640 3203 796 3270; x_wconf 87' lang='lat' dir='ltr'>Ultimum</span> <span class='ocrx_word' id='word_1_240' title='bbox 811 3210 1033 3288; x_wconf 87' lang='lat' dir='ltr'>argumentum</span> <span class='ocrx_word' id='word_1_241' title='bbox 1055 3203 1136 3269; x_wconf 92' lang='lat' dir='ltr'>nihil</span> <span class='ocrx_word' id='word_1_242' title='bbox 1157 3206 1254 3288; x_wconf 90' lang='lat' dir='ltr'>ualet,</span> <span class='ocrx_word' id='word_1_243' title='bbox 1277 3207 1416 3272; x_wconf 91' lang='lat' dir='ltr'>alterum</span> <span class='ocrx_word' id='word_1_244' title='bbox 1507 3261 1508 3264; x_wconf 63' lang='lat'>,</span> 
     </span>
     <span class='ocr_line' id='line_1_31' title="bbox 262 3304 1413 3392; baseline 0.003 -21"><span class='ocrx_word' id='word_1_245' title='bbox 262 3305 345 3371; x_wconf 93' lang='lat' dir='ltr'>nihil</span> <span class='ocrx_word' id='word_1_246' title='bbox 375 3304 416 3370; x_wconf 93' lang='lat' dir='ltr'>de</span> <span class='ocrx_word' id='word_1_247' title='bbox 443 3304 505 3372; x_wconf 89' lang='lat' dir='ltr'>hac</span> <span class='ocrx_word' id='word_1_248' title='bbox 532 3312 624 3389; x_wconf 89' lang='lat' dir='ltr'>parte</span> <span class='ocrx_word' id='word_1_249' title='bbox 653 3305 851 3390; x_wconf 92' lang='lat' dir='ltr'>dithyrambi</span> <span class='ocrx_word' id='word_1_250' title='bbox 878 3306 1008 3390; x_wconf 88' lang='lat' dir='ltr'>probat,</span> <span class='ocrx_word' id='word_1_251' title='bbox 1037 3307 1176 3390; x_wconf 90' lang='lat' dir='ltr'>primum</span> <span class='ocrx_word' id='word_1_252' title='bbox 1203 3307 1328 3371; x_wconf 92' lang='lat' dir='ltr'>nullum</span> <span class='ocrx_word' id='word_1_253' title='bbox 1356 3315 1413 3392; x_wconf 88' lang='lat' dir='ltr'>est,</span> 
     </span>
     <span class='ocr_line' id='line_1_32' title="bbox 262 3405 1414 3492; baseline 0.003 -20"><span class='ocrx_word' id='word_1_254' title='bbox 262 3405 360 3472; x_wconf 93' lang='lat' dir='ltr'>modo</span> <span class='ocrx_word' id='word_1_255' title='bbox 382 3407 565 3472; x_wconf 87' lang='lat' dir='ltr'>memineris</span> <span class='ocrx_word' id='word_1_256' title='bbox 587 3427 700 3492; x_wconf 88' lang='lat' dir='ltr'>parum</span> <span class='ocrx_word' id='word_1_257' title='bbox 722 3413 882 3491; x_wconf 90' lang='lat' dir='ltr'>constare,</span> <span class='ocrx_word' id='word_1_258' title='bbox 912 3412 982 3472; x_wconf 91' lang='lat' dir='ltr'>uter</span> <span class='ocrx_word' id='word_1_259' title='bbox 1009 3407 1120 3472; x_wconf 90' lang='lat' dir='ltr'>titulus</span> <span class='ocrx_word' id='word_1_260' title='bbox 1149 3407 1212 3491; x_wconf 90' lang='lat' dir='ltr'>ipsi</span> <span class='ocrx_word' id='word_1_261' title='bbox 1234 3407 1414 3477; x_wconf 90' lang='lat' dir='ltr'>Philoxeno</span> 
     </span>
     <span class='ocr_line' id='line_1_33' title="bbox 263 3505 1413 3610; baseline 0.007 -40"><span class='ocrx_word' id='word_1_262' title='bbox 263 3505 431 3610; x_wconf 60' lang='lat' dir='ltr'>placuerit.</span> <span class='ocrx_word' id='word_1_263' title='bbox 476 3507 544 3571; x_wconf 87' lang='lat' dir='ltr'>lam</span> <span class='ocrx_word' id='word_1_264' title='bbox 566 3508 707 3590; x_wconf 89' lang='lat' dir='ltr'>sopitum</span> <span class='ocrx_word' id='word_1_265' title='bbox 728 3506 904 3591; x_wconf 79' lang='lat' dir='ltr'>Cyclopem</span> <span class='ocrx_word' id='word_1_266' title='bbox 926 3508 960 3573; x_wconf 93' lang='lat' dir='ltr'>in</span> <span class='ocrx_word' id='word_1_267' title='bbox 982 3526 1125 3574; x_wconf 90' lang='lat' dir='ltr'>somnum</span> <span class='ocrx_word' id='word_1_268' title='bbox 1147 3507 1300 3576; x_wconf 87' lang='lat' dir='ltr'>incidisse</span> <span class='ocrx_word' id='word_1_269' title='bbox 1324 3511 1413 3578; x_wconf 91' lang='lat' dir='ltr'>dam-</span> 
     </span>
     <span class='ocr_line' id='line_1_34' title="bbox 263 3606 1414 3695; baseline 0.003 -20"><span class='ocrx_word' id='word_1_270' title='bbox 263 3625 403 3689; x_wconf 92' lang='lat' dir='ltr'>numque</span> <span class='ocrx_word' id='word_1_271' title='bbox 425 3607 466 3670; x_wconf 91' lang='lat' dir='ltr'>ab</span> <span class='ocrx_word' id='word_1_272' title='bbox 489 3606 587 3673; x_wconf 92' lang='lat' dir='ltr'>Ulixe</span> <span class='ocrx_word' id='word_1_273' title='bbox 609 3609 775 3691; x_wconf 88' lang='lat' dir='ltr'>accepisse</span> <span class='ocrx_word' id='word_1_274' title='bbox 805 3609 867 3673; x_wconf 91' lang='lat' dir='ltr'>uiri</span> <span class='ocrx_word' id='word_1_275' title='bbox 895 3608 983 3676; x_wconf 91' lang='lat' dir='ltr'>docti</span> <span class='ocrx_word' id='word_1_276' title='bbox 1008 3611 1209 3676; x_wconf 90' lang='lat' dir='ltr'>consentiunt</span> <span class='ocrx_word' id='word_1_277' title='bbox 1236 3610 1414 3695; x_wconf 89' lang='lat' dir='ltr'>cogitantes</span> 
     </span>
     <span class='ocr_line' id='line_1_35' title="bbox 265 3706 1415 3795; baseline 0.003 -19"><span class='ocrx_word' id='word_1_278' title='bbox 265 3730 337 3776; x_wconf 91' lang='lat' dir='ltr'>eum</span> <span class='ocrx_word' id='word_1_279' title='bbox 353 3709 386 3772; x_wconf 93' lang='lat' dir='ltr'>in</span> <span class='ocrx_word' id='word_1_280' title='bbox 401 3712 527 3772; x_wconf 91' lang='lat' dir='ltr'>antrum</span> <span class='ocrx_word' id='word_1_281' title='bbox 540 3709 720 3774; x_wconf 87' lang='lat' dir='ltr'>reuertisse.</span> <span class='ocrx_word' id='word_1_282' title='bbox 755 3706 848 3784; x_wconf 77' lang='lat' dir='ltr'>Quod</span> <span class='ocrx_word' id='word_1_283' title='bbox 870 3710 898 3774; x_wconf 90' lang='lat' dir='ltr'>si</span> <span class='ocrx_word' id='word_1_284' title='bbox 919 3730 978 3776; x_wconf 92' lang='lat' dir='ltr'>nos</span> <span class='ocrx_word' id='word_1_285' title='bbox 993 3713 1221 3795; x_wconf 88' lang='lat' dir='ltr'>acciperemus,</span> <span class='ocrx_word' id='word_1_286' title='bbox 1244 3714 1415 3780; x_wconf 87' lang='lat' dir='ltr'>statuenda</span> 
     </span>
     <span class='ocr_line' id='line_1_36' title="bbox 265 3809 1415 3894; baseline 0.001 -16"><span class='ocrx_word' id='word_1_287' title='bbox 265 3819 334 3880; x_wconf 88' lang='lat' dir='ltr'>erat</span> <span class='ocrx_word' id='word_1_288' title='bbox 356 3810 478 3894; x_wconf 91' lang='lat' dir='ltr'>duplex</span> <span class='ocrx_word' id='word_1_289' title='bbox 500 3827 636 3874; x_wconf 89' lang='lat' dir='ltr'>scaenae</span> <span class='ocrx_word' id='word_1_290' title='bbox 662 3809 810 3891; x_wconf 89' lang='lat' dir='ltr'>mutatio,</span> <span class='ocrx_word' id='word_1_291' title='bbox 839 3828 935 3892; x_wconf 88' lang='lat' dir='ltr'>quam</span> <span class='ocrx_word' id='word_1_292' title='bbox 958 3809 1155 3880; x_wconf 83' lang='lat' dir='ltr'>Schmidtius</span> <span class='ocrx_word' id='word_1_293' title='bbox 1183 3819 1323 3880; x_wconf 87' lang='lat' dir='ltr'>statuere</span> <span class='ocrx_word' id='word_1_294' title='bbox 1351 3836 1415 3881; x_wconf 90' lang='lat' dir='ltr'>non</span> 
     </span>
     <span class='ocr_line' id='line_1_37' title="bbox 266 3910 1414 4003; baseline 0 -23"><span class='ocrx_word' id='word_1_295' title='bbox 266 3913 442 3995; x_wconf 88' lang='lat' dir='ltr'>dubitauit,</span> <span class='ocrx_word' id='word_1_296' title='bbox 471 3911 527 3995; x_wconf 90' lang='lat' dir='ltr'>qui</span> <span class='ocrx_word' id='word_1_297' title='bbox 554 3931 585 3993; x_wconf 91' lang='lat' dir='ltr'>p.</span> <span class='ocrx_word' id='word_1_298' title='bbox 603 3911 643 3973; x_wconf 82' lang='grc'>65</span> <span class='ocrx_word' id='word_1_299' title='bbox 674 3910 835 3975; x_wconf 86' lang='lat' dir='ltr'>existimat</span> <span class='ocrx_word' id='word_1_300' title='bbox 863 3911 954 3978; x_wconf 91' lang='lat' dir='ltr'>initio</span> <span class='ocrx_word' id='word_1_301' title='bbox 982 3915 1132 4003; x_wconf 83' lang='lat' dir='ltr'>carminis</span> <span class='ocrx_word' id='word_1_302' title='bbox 1155 3913 1341 3982; x_wconf 89' lang='lat' dir='ltr'>Ithacenses</span> <span class='ocrx_word' id='word_1_303' title='bbox 1369 3918 1414 3981; x_wconf 92' lang='lat' dir='ltr'>in·</span> 
     </span>
    </p>
   </div>
   <div class='ocr_carea' id='block_1_5' title="bbox 0 0 1536 4672">
    <p class='ocr_par' dir='ltr' id='par_1_7' title="bbox 0 0 1536 4672">
     <span class='ocr_line' id='line_1_38' title="bbox 0 0 1536 4672; baseline 0 0"><span class='ocrx_word' id='word_1_304' title='bbox 0 0 1536 4672; x_wconf 95' lang='lat' dir='ltr'> </span> 
     </span>
    </p>
   </div>
  </div>
 </body>
</html>
