3028 4672
502 291 544 348 Da
562 283 772 361 Polyphemo‘st
790 290 912 346 Galatea.
1223 291 1281 350 157

128 465 293 548 analogia,
318 465 374 548 qui
388 463 673 548 philosophantem
688 463 811 530 induoit
824 462 1061 548 Polyphemum
1076 484 1128 529 uu.
1142 467 1203 530 316
1212 484 1283 548 sqq.

128 568 241 650 Atque
264 567 335 648 quis
357 567 461 648 magis
483 565 653 631 uidebatur
675 565 810 632 idoneus
836 565 879 630 ad
907 563 1134 648 philosophiae
1162 567 1284 649 placita

128 666 406 752 repraesentanda
421 687 517 750 quam
532 670 587 750 qui
603 667 673 734 deis
688 686 723 734 se
739 667 923 733 inferiorem
938 686 1008 733 esse
1029 686 1093 731 non
1114 667 1284 733 erederet?

131 770 191 852 qui
212 770 266 834 uel
281 768 368 853 apud
382 769 558 834 Homerum
572 789 651 852 prae
666 788 701 836 se
716 770 814 836 ferret
834 768 1056 852 impietatem?
1080 768 1131 846 (of.
1148 766 1208 834 Od.
1223 768 1283 851 IX,

129 874 196 934 273
207 873 290 953 sqq.)
335 869 537 953 Quamquam
559 889 641 952 quae
669 871 868 954 potissimum
893 869 1032 954 Cyclops
1053 869 1284 955 Epicharmeus

127 970 379 1057 philosophatus
402 973 443 1036 sit
465 972 522 1036 uix
545 973 727 1039 oonieotura
752 991 976 1055 assequemur,
1006 977 1092 1038 oerte
1120 993 1184 1038 non
1211 972 1283 1056 ipse

127 1079 230 1158 poeta
251 1093 341 1138 suam
364 1074 555 1138 sententiam
576 1072 771 1157 Polyphemi
792 1073 900 1140 uerbis
923 1073 1099 1140 subiecisse
1121 1072 1283 1158 putandus

128 1180 190 1240 est.
228 1174 332 1257 Magis
355 1172 417 1240 hoo
440 1174 570 1241 eredere
592 1175 703 1241 lieehit
725 1175 766 1241 de
789 1175 896 1241 Ulixis
919 1195 1066 1260 persona,
1090 1176 1141 1241 oui
1164 1175 1283 1259 Pytha-

127 1295 302 1360 goreorum
318 1275 490 1359 disciplina
501 1277 523 1354 1)
545 1277 648 1358 magis
668 1277 894 1360 conueniebat3
917 1283 1045 1361 poterat
1058 1277 1173 1343 Ulixes
1187 1278 1283 1361 Poly·

127 1376 285 1461 phemum
298 1377 431 1443 deorum
445 1377 669 1460 prouidentiae
681 1378 855 1445 admonere
867 1378 1026 1444 eiusmodi
1040 1379 1158 1460 uerbis,
1175 1380 1285 1462 qualia

127 1479 274 1545 seruauit
293 1498 334 1543 ex
349 1478 542 1562 Epicharmo
557 1479 706 1544 Clemens
720 1479 959 1544 Alexandrinus
976 1479 1091 1545 Strom.
1105 1480 1143 1562 V,
1159 1484 1207 1563 14,
1223 1482 1283 1543 100

127 1579 192 1656 (III
213 1601 245 1664 p.
263 1582 303 1643 80
319 1579 429 1656 Dind)
452 1581 630 1645 fr.147A.:

239 1672 335 1745 οὐδὲν
358 1677 509 1767 ἐκφεύγει
530 1677 568 1745 τδ
592 1684 705 1746 θεῖον·
728 1683 826 1746 τοῦτο
848 1678 1020 1765 γινώσκειν
1042 1704 1080 1744 το
1104 1679 1169 1745 δεῖ·

238 1773 338 1858 αὐτός
362 1773 441 1846 ἐσθ’
461 1776 555 1864 ἁμῶν
577 1779 744 1862 ἐπόπτας,
770 1774 927 1847 ἀδυνατεῖ
949 1774 981 1845 δ’
1002 1773 1097 1846 οὐδὲν
1118 1779 1218 1861 θεός,

126 1884 246 1950 eodem
268 1885 374 1967 modo,
399 1905 462 1967 quo
484 1884 671 1951 adhortatur
687 1886 801 1952 Ulixes
817 1885 1008 1951 Homericus
1030 1905 1083 1951 uu.
1099 1886 1161 1948 269
1174 1905 1262 1969 sqq.:

239 1977 316 2049 ἀλλ’
336 1983 459 2065 αἰδεῖο,
483 1988 635 2072 φέριστε,
659 1984 777 2062 θεούς·
802 1985 906 2051 ἱκέται
931 1984 967 2049 δέ
987 1989 1042 2050 τοί
1065 1983 1165 2068 εἰμεν.

238 2083 323 2162 Ζεὺς
345 2079 378 2150 δ’
398 2084 606 2174 ἐπιτιμήτωρ
630 2085 769 2153 ἱκετάων
790 2111 827 2152 τε
850 2086 966 2164 ξείνων
987 2109 1024 2150 τε

238 2185 374 2268 ξείνιος,
398 2187 436 2265 δς
459 2187 616 2266 ξείνοισιν
640 2180 698 2271 ἅμ’
718 2186 899 2254 αἰδοίοισιν
921 2180 1057 2267 ὀπηδεῖ,

126 2289 327 2376 Euripideus
342 2291 431 2375 (lyol.
447 2311 500 2357 uu.
518 2295 579 2356 310
591 2311 654 2374 sq.:
860 2285 898 2353 τδ
921 2281 954 2352 δ’
974 2279 1105 2371 εὐσεβὲς

237 2393 298 2476 τῆς
321 2390 515 2475 δυσσεβείας
538 2383 684 2456 dedalei
712 2398 745 2457 et
766 2391 923 2475 imprimis
946 2410 998 2456 uu.
1017 2393 1077 2454 353
1090 2410 1176 2474 εσσε

238 2491 278 2557 σύ
300 2479 381 2557 τ’ὦ
404 2495 557 2580 φαεννῶν
580 2484 728 2577 ἇστίρων
752 2489 851 2558 οἰκῶν
875 2490 972 2576 ἕδρας

237 2595 304 2658 Ζεῦ
326 2587 420 2675 tofi,
444 2587 507 2681 δρα
527 2586 618 2659 τάδ’·
642 2592 673 2659 εἰ
693 2590 755 2681 γὰρ
780 2585 864 2658 αὐτὰ
887 2591 931 2680 μὴ
955 2594 1108 2678 βλέπεις,

240 2689 348 2770 ἄλλως
371 2695 497 2778 νομίζει
519 2695 620 2777 Ζεύς,
643 2693 680 2762 τδ
704 2694 807 2782 μηδὲν
829 2689 892 2776 (δν,
915 2694 1009 2773 θεός.

125 2799 281 2865 Fortasse
296 2798 515 2882 Polyphemus
537 2800 605 2865 uini
627 2805 697 2864 utre
720 2799 898 2865 delectatus
922 2799 963 2866 de
984 2805 1100 2865 natura
1120 2798 1285 2864 hominum

113 2900 282 2966 ·festiuum
293 2902 426 2984 protulit
437 2900 591 2966 iudioium
603 2901 703 2966 Ulem.
713 2899 763 2965 Al.
773 2900 888 2966 Strom.
896 2901 951 2984 IV,
961 2906 990 2983 7,
1000 2905 1041 2965 45
1054 2901 1097 2979 (Π
1107 2921 1139 2984 p.
1149 2903 1210 2965 342
1218 2901 1284 2975 Dl:

235 2993 352 3065 Ἀσκοί
374 2998 476 3088 φύσις
498 2994 692 3086 ἀνθρώπων
715 3003 979 3087 πεφυσιαμένοι,

128 3105 160 3170 si
189 3104 321 3187 quidem
348 3105 473 3170 iambus
502 3124 573 3169 oum
596 3103 740 3169 Ahrente
761 3104 798 3166 fr.
814 3107 874 3167 145
903 3102 1118 3170 restituendus
1127 3105 1167 3186 2),
1198 3102 1285 3185 quod

127 3206 306 3271 Lorenzius
336 3205 384 3278 (fr.
402 3211 431 3268 B
447 3209 478 3282 5)
506 3225 547 3270 ne
576 3206 647 3288 ipse
675 3203 806 3287 quidem
833 3209 969 3270 metrum
999 3204 1146 3269 indicans
1176 3210 1283 3288 negat.

128 3307 179 3374 Gf.
204 3327 287 3390 quae
315 3307 403 3390 apud
425 3306 614 3390 Euripidem
643 3306 847 3388 disputantur
875 3326 927 3372 uu.
945 3307 1133 3370 525—529.
1176 3305 1284 3389 Atque

127 3410 210 3474 talia
233 3407 405 3492 cogitanda
427 3414 519 3474 erunt
540 3405 817 3490 apophthegmata
841 3408 899 3473 illa
925 3405 1168 3492 philosophica,
1200 3428 1284 3493 quae

127 3545 335 3556 ..q—.—

220 3613 244 3671 1)
269 3607 318 3659 Cui
341 3606 509 3674 potissimum
533 3622 563 3660 se
586 3605 722 3660 addixisse
740 3604 935 3673 Epicharmum
957 3621 990 3661 ex
1011 3607 1172 3666 testimoniis
1196 3611 1285 3680 colligi

129 3690 233 3762 poterit
256 3691 343 3758 (lliog.
361 3690 451 3745 Laert.
462 3691 536 3755 VIII,
549 3695 595 3760 783
619 3691 690 3745 Plut.
706 3689 786 3744 Num.
803 3693 832 3758 ⁸3
857 3687 939 3744 Olen.
950 3691 993 3746 Al.
1010 3692 1107 3749 Strom.
1120 3695 1151 3761 V,
1164 3700 1204 3763 14,
1216 3701 1284 3763 100),

127 3790 293 3846 quamquam
315 3790 370 3828 non
387 3780 476 3828 certae
495 3775 603 3831 scholae
620 3775 730 3831 uidetur
747 3774 854 3830 assecla
872 3774 959 3830 fuisse
977 3776 1012 3832 oi.
1028 3777 1126 3835 Zeller.
1140 3779 1205 3835 hist.
1216 3780 1283 3849 phil.

212 3861 224 3893 4

130 3861 180 3914 ὼ.
194 3860 207 3912 I
219 3863 538 4009 ῖδίίδδδιεδδδωῐεσδαω
550 3947 640 3999 tamen
652 3947 830 4014 anapaestum
846 3945 874 3998 in
893 3945 978 4001 altero
995 3946 1064 4014 pede
1081 3946 1196 4001 trimetri
1211 3948 1285 4018 apud

128 4026 327 4098 Epicharmum
345 4044 400 4084 non
417 4027 535 4082 inueniri
552 4027 587 4082 el.
601 4029 664 4084 Lor.
678 4047 704 4098 p.
719 4029 780 4086 100.“
