2998 4674
297 263 358 322 226
658 263 789 332 Georgius
806 263 941 320 Ricardus
959 265 1076 320 Hollaud

296 436 467 521 generibus
482 438 601 521 poesis,
625 457 707 520 quae
724 457 797 502 cum
812 437 874 504 sibi
896 437 1061 521 elegerant
1082 440 1299 525 necandum
1322 441 1383 507 sed
1404 461 1446 507 ne
1479 459 1480 464 ’

296 539 358 606 hac
373 538 503 622 quidem
519 540 553 605 in
568 559 603 605 re
623 539 805 606 subtiliores
828 539 1083 607 desiderauimus
1106 542 1339 627 discrepantias
1362 546 1447 609 inter

296 642 440 725 singulos
455 647 578 726 poetas,
595 642 651 725 qui
665 641 763 707 modo
777 642 918 708 ferocem
932 642 1235 728 anthropophagum
1249 644 1348 712 modo
1365 645 1446 712 deli-

296 744 437 810 catulnm
453 763 589 827 coquum
606 749 822 810 exseruernut.
855 745 924 810 Iam
946 745 1022 811 inde
1045 767 1066 810 a
1087 748 1278 830 perantiquo
1300 752 1446 832 tempore

294 846 523 931 philosophica
537 846 677 929 quadam
692 866 771 912 aura
786 844 1016 912 circumdatum
1033 850 1190 915 sensimus
1205 848 1333 915 brutum
1356 871 1446 914 mou·
1479 849 1480 862 ¹

296 954 405 1014 strum.
449 948 552 1014 Plane
573 954 681 1014 autem
702 968 820 1014 nouam
842 950 983 1034 speciem
1007 950 1154 1017 exhibuit
1176 971 1266 1016 amor
1287 951 1447 1017 Galateae

295 1052 329 1115 in
351 1049 588 1135 dithyrambica
615 1051 707 1133 poesi
735 1052 913 1117 recentiore
940 1052 1077 1135 primum
1107 1053 1237 1136 obuius,
1267 1054 1324 1136 qui
1347 1055 1446 1119 etiam
1479 1061 1480 1120 ἶ

295 1152 446 1218 cantandi
462 1150 665 1236 saltandique
680 1152 820 1218 studium
840 1154 874 1218 in
896 1153 969 1219 rudi
991 1153 1121 1221 homine
1136 1156 1298 1221 excitauit.
1338 1157 1446 1222 Unum
1476 1185 1480 1200 ‹

294 1255 336 1321 ab
352 1255 494 1320 Homero
512 1255 615 1338 magis
631 1274 726 1337 qnam
740 1261 857 1346 cetera
879 1257 1041 1321 excultum
1063 1256 1229 1340 usquead
1251 1255 1336 1322 hano
1358 1264 1445 1323 aeta-
1479 1279 1480 1334 j

295 1362 360 1422 tem
381 1358 463 1423 miro
485 1357 582 1423 modo
604 1358 786 1440 neglectum
809 1363 872 1424 est:
906 1358 1099 1442 Polyphemi
1127 1360 1299 1443 pastoralis
1321 1361 1394 1426 uita
1416 1366 1447 1424 et
1479 1397 1480 1446 p

293 1459 420 1526 indoles
442 1459 600 1542 bucolica,
622 1478 719 1542 quam
741 1466 860 1526 tactam
882 1480 953 1526 esse
976 1462 1170 1528 coniecimus
1189 1463 1231 1527 ab
1246 1460 1445 1545 Epicharmo
1479 1451 1480 1538 ἶ

295 1568 327 1628 ct
351 1561 545 1647 Antiphane.
589 1561 682 1628 Hanc
711 1562 842 1645 quidem
870 1564 1028 1646 posterior
1053 1569 1144 1630 aetas
1172 1563 1361 1648 diligentius
1392 1585 1445 1628 ex·
1479 1631 1480 1662 ¹

294 1665 402 1731 coluit.

765 1803 971 1812 -—-—-——..

751 1968 877 2044 Oreus
903 1970 989 2044 VH.

592 2119 652 2196 De
678 2119 1011 2198 Alexandrrhorum
1035 2127 1150 2224 poesi.

379 2275 577 2343 inhibendus
600 2281 669 2342 orat
690 2276 744 2342 hio
766 2279 919 2364 temporis
940 2280 1105 2364 paulisper
1131 2300 1241 2346 cursus
1270 2300 1330 2364 per
1358 2283 1444 2349 litte-

294 2399 401 2444 rarum
416 2379 522 2463 spatia
535 2380 708 2462 institutus,
731 2399 803 2446 cum
823 2381 971 2446 libertate
985 2380 1181 2448 Graecorum
1203 2384 1322 2449 amissa
1344 2387 1444 2451 etiam

294 2482 328 2546 in
350 2482 441 2564 poesi
470 2481 648 2548 iactitando
673 2502 759 2548 noua
785 2488 875 2550 aetas
902 2484 1065 2549 exoriatur
1072 2534 1081 2567 ,
1112 2504 1176 2567 qua
1203 2484 1285 2552 haec
1314 2505 1444 2571 quoque

294 2581 406 2648 fabula
432 2603 518 2648 noua
547 2585 634 2668 capit
663 2584 868 2650 incrementa.
920 2584 1052 2668 Duplici
1080 2587 1166 2651 enim
1194 2588 1289 2654 modo
1322 2591 1444 2656 tradita
1479 2585 1480 2606 ¹

294 2685 430 2750 materia
443 2684 634 2751 discinditur
648 2687 749 2752 altero
772 2685 814 2751 ad
829 2689 1009 2770 argumenti
1031 2688 1187 2754 ambitum
1210 2696 1378 2773 spectante
1402 2692 1444 2757 ad
1479 2755 1480 2770 ,

293 2789 516 2854 tractationem
537 2788 697 2873 poeticam
719 2789 900 2872 pertinente
921 2791 1032 2856 altere.
1070 2790 1212 2856 Primum
1235 2792 1320 2857 enim
1335 2793 1443 2859 Ulixis
1479 2789 1480 2866 ἶ

293 2911 447 2977 persona,
477 2911 575 2974 quam
597 2892 786 2957 sollemnem
807 2892 874 2958 fere
896 2893 929 2957 iu
951 2892 1079 2958 fabulae
1102 2895 1302 2977 supellectile
1325 2917 1441 2980 cogno-

293 2994 415 3078 uimus,
439 2995 516 3078 quia
535 2995 719 3062 neccssaria
740 2998 809 3060 erat
830 2992 874 3058 ad
895 2995 1054 3060 actionem
1076 2994 1286 3061 dramaticam
1308 2998 1441 3082 implec-
1479 3067 1480 3082 ¹

293 3098 440 3183 tendam,
462 3103 539 3164 tunc
560 3119 581 3162 a
601 3099 707 3182 poetis
730 3098 812 3163 solet
833 3097 956 3163 secerni
978 3101 1164 3181 propterea,
1188 3097 1275 3180 quod
1297 3103 1440 3166 caecatio
1479 3097 1480 3182 ξ

294 3200 489 3286 Polyphemi
504 3207 691 3286 segregatur
705 3201 747 3266 ab
762 3219 887 3283 amore3
910 3200 965 3282 qui
988 3199 1118 3282 quidem
1137 3200 1183 3264 ita
1200 3221 1221 3264 a
1238 3203 1344 3283 poetis
1366 3207 1441 3268 tunc

293 3303 326 3367 in
347 3302 473 3370 deliciis
497 3302 632 3369 habetur
654 3309 686 3369 et
707 3303 895 3387 praefertur,
918 3308 953 3368 ut
973 3302 1104 3367 alterius
1127 3303 1228 3381 partis
1250 3305 1440 3370 memoriam

292 3423 397 3487 paene
412 3405 583 3471 oblitteret.
617 3406 687 3471 Neo
701 3407 816 3471 mirum
833 3407 893 3472 erit
915 3405 1002 3488 quod
1024 3403 1099 3470 huic
1119 3405 1204 3487 parti
1226 3406 1329 3488 magis
1353 3408 1439 3472 faue-

293 3507 371 3571 hant
391 3514 508 3590 poetae
530 3509 706 3592 reputanti,
729 3514 927 3593 quantopere
948 3506 1043 3572 huius
1064 3507 1139 3572 aeui
1161 3507 1268 3572 studia
1288 3510 1440 3574 tenuiori·

293 3609 353 3674 bus
376 3609 544 3675 affectibus
566 3610 806 3694 inclinauerint‚
830 3631 901 3677 cum
923 3610 1114 3694 praesertim
1134 3630 1225 3675 amor
1246 3610 1440 3694 Polyphemi

292 3717 441 3778 ueterem
456 3710 592 3794 figuram
614 3711 801 3794 expoliendi
830 3713 984 3777 maiorem
1013 3732 1110 3795 qnam
1131 3711 1241 3778 clades
1269 3714 1440 3796 praeheret

293 3815 429 3899 copiam.
463 3813 591 3879 Deinde
606 3818 673 3878 toto
689 3814 779 3878 caelo
795 3813 914 3879 distant
936 3833 1056 3896 genera
1077 3815 1284 3899 tractationis,
1307 3816 1341 3880 in
1357 3835 1438 3898 quae

293 3917 403 3984 fabula
424 3917 481 3982 illa
503 3937 545 3982 ex
568 3914 737 3982 comoedia
757 3916 879 3982 transit.
914 3916 972 3982 Est
986 3936 1063 3982 sane
1085 3919 1250 4001 proprium
1272 3916 1368 3983 huius
1391 3939 1438 3982 ar-

292 4022 445 4104 gumenti,
468 4026 503 4085 ut
524 4039 628 4104 paene
651 4018 798 4085 omnibus
819 4053 862 4064 —
883 4020 1052 4103 tragoedia
1073 4025 1209 4103 excepta
1230 4055 1271 4064 —-
1293 4019 1437 4086 ludicrae
