2998 4674
262 245 326 304 264
624 242 757 310 Georgius
774 239 910 296 Ricardus
927 238 1046 294 Hellend
1128 285 1131 290 ,

262 441 332 486 mus
358 419 401 485 ad
423 437 622 486 communem
650 417 785 498 fontem,
800 405 802 417 ’
818 413 954 480 eundem
976 411 1227 495 Callimachum,
1257 433 1415 478 reuocare

263 524 359 589 etiam
382 541 465 604 quae
487 522 623 604 legimus
646 518 705 586 Οιι.
722 521 783 582 876
795 537 858 600 sq.:

389 630 540 706 tantaque
563 643 643 705 uox,
668 627 819 704 quantam
842 618 981 702 Cyclops
1003 619 1102 684 iratus
1126 616 1245 683 habere

389 725 516 808 debuit,
541 725 598 791 illa
619 725 692 790 init:
716 724 856 789 clamore
878 720 1060 805 perhorruit
1078 720 1193 787 Aetna.

262 836 296 896 et
317 830 412 912 Verg.
427 828 507 893 Aen.
523 827 581 910 111,
597 830 658 892 672
671 846 755 909 squ:

391 932 563 997 clamorem
585 931 775 995 immensum
797 928 896 1009 tollit,
920 946 983 1009 quo
1006 932 1122 1011 pontus
1145 933 1177 991 et
1199 945 1316 991 omnes

390 1038 608 1097 contremuere
631 1030 736 1096 undae
757 1029 949 1112 penitusque
971 1029 1124 1094 exterrita
1146 1029 1242 1093 tellus

389 1133 503 1198 Italiae
526 1133 696 1214 curuisque
718 1131 878 1214 immugiit
899 1130 1005 1197 Aetna
1026 1131 1191 1212 canemis‚

263 1256 346 1318 quae
360 1236 473 1318 procul
487 1233 586 1300 dubio
601 1233 718 1300 hausta
728 1241 801 1300 sunt
812 1253 854 1299 ex
865 1232 991 1300 Gallim.
1005 1231 1113 1318 hymn.
1126 1235 1159 1298 in
1170 1232 1266 1298 Dian.
1279 1234 1323 1296 56
1332 1251 1415 1314 sqq.:

812 1319 870 1400 ode
891 1331 953 1419 γὰρ
976 1331 1104 1420 Αἴτνη,

392 1423 449 1503 ode
472 1437 509 1503 dd
535 1439 708 1525 Τρινακὶη,
732 1439 880 1504 Σικανῶν
903 1435 994 1516 ἕδος,
1018 1421 1077 1501 αὖε
1100 1434 1136 1500 δὲ
1156 1440 1276 1520 γείτων

386 1533 525 1627 Ἰταλίη,
548 1539 693 1628 μεγάλην
716 1539 752 1604 δὲ
773 1537 856 1625 βοὴν
879 1537 937 1604 ἐπὶ
958 1537 1088 1623 Κύρνος
1111 1530 1217 1618 ἀΰτει,

263 1666 359 1728 qnam
375 1645 506 1711 eredere
522 1645 716 1726 exscriptum
733 1664 804 1710 esse
819 1664 917 1708 unum
932 1644 973 1708 ab
988 1643 1100 1708 altero.
1138 1642 1291 1707 Fortasse
1317 1642 1414 1706 etiam

262 1739 411 1831 asp'ectus
434 1747 589 1830 Cyelopei
612 1747 727 1828 capitis
750 1746 792 1812 ab
814 1751 949 1828 utroque
971 1765 1044 1812 cum
1070 1746 1142 1810 luco
1165 1744 1305 1809 collatus
1330 1762 1411 1807 oom-

215 1925 217 1932 1
262 1850 350 1914 muni
372 1849 494 1914 auctori
516 1847 703 1914 tribuendus
725 1854 775 1914 est
796 1847 836 1913 cf.
853 1846 912 1914 Οιι.
930 1850 991 1911 844
1004 1867 1066 1929 sq.:

823 1969 914 2015 coma
935 1951 1075 2032 plurima
1096 1957 1205 2015 toruos

390 2053 551 2137 prominet
565 2053 598 2117 in
614 2053 720 2118 uultus
735 2071 935 2135 umerosque,
957 2059 993 2117 ut
1014 2054 1136 2142 lucus,
1160 2051 1343 2118 obumbrat

263 2156 358 2240 Verg.
374 2155 454 2222 Aen.
471 2155 529 2238 111,
545 2157 700 2237 679sqq.:
823 2153 936 2236 quales
958 2174 1031 2219 cum
1053 2154 1173 2220 uertice
1195 2155 1284 2220 celso

390 2259 497 2322 aeriae
520 2276 656 2339 quereus
677 2263 733 2322 aut
755 2255 916 2322 coniferae
939 2257 1095 2340 cyparissi

392 2359 615 2442 constiterunt,
644 2359 726 2424 silua
747 2359 814 2423 alta
835 2359 922 2425 Ionis
944 2360 1115 2425 lucusue
1136 2359 1271 2424 Dianae.

349 2460 439 2539 Quae
462 2461 626 2544 hueusque
647 2460 688 2526 de
709 2460 848 2527 fontibus
871 2460 965 2527 huius
986 2461 1176 2527 narrationis
1199 2460 1337 2530 Graecis
1359 2483 1408 2528 ex-

263 2564 477 2647 plorauimus,
508 2562 589 2630 haec
617 2569 704 2629 sunt:
734 2562 1039 2630 adhibuit·0uidius
1062 2562 1268 2629 Theocritum
1292 2574 1327 2632 et
1348 2565 1408 2629 Ho-

264 2685 397 2748 merum,
420 2664 547 2731 uidetur
568 2663 755 2731 adhibuisse
777 2665 965 2750 Euripidem
987 2672 1019 2730 et
1041 2665 1284 2733 Galhmaohum.
1327 2665 1408 2746 Quid

264 2789 322 2835 suo
344 2787 386 2833 ox
409 2767 537 2850 ingenio
559 2765 711 2831 addidit?
748 2765 922 2834 Videamus
945 2787 1028 2850 quae
1050 2775 1178 2835 restent.
1217 2768 1408 2838 Ouidianum

265 2891 335 2938 esse
362 2869 554 2935 rhetoricam
584 2868 813 2950 expohtionem
844 2868 939 2936 facile
968 2870 1134 2937 concedes.
1186 2870 1290 2949 Quam
1320 2893 1407 2959 prae-

1476 2316 1479 2367 i

265 2975 359 3058 cipue
381 2973 415 3038 in
437 2971 597 3037 cantilena
614 2971 743 3036 obuiam
766 2990 838 3037 esse
861 2971 1071 3039 ostendimus:
1094 2994 1199 3056 neque
1221 2976 1304 3041 alias
1327 2975 1407 3040 hunc

264 3095 385 3141 morem
400 3073 534 3158 deponit
548 3079 645 3156 poeta
668 3072 706 3138 cf.
723 3063 814 3139 ‘iam'
833 3075 1011 3158 insignibus
1034 3095 1145 3142 uersus
1168 3077 1247 3143 loeis
1270 3079 1406 3162 positum

233 3231 236 3238 ,
264 3198 316 3243 uu.
329 3181 391 3242 764
402 3196 489 3260 sqq.,
515 3166 707 3242 ‘senserunt'
733 3197 784 3242 ιιιι.
803 3179 940 3260 785sq.,
965 3168 1084 3244 ‘adfer'
1098 3213 1141 3221 —
1157 3170 1264 3245 ‘ferte'
1290 3202 1320 3246 ιι.
1338 3181 1405 3245 880.

265 3279 356 3358 Quae
378 3286 426 3346 est
447 3278 609 3345 rhetorum
634 3280 845 3364 consuetudo,
875 3287 909 3346 ut
932 3280 1018 3363 quod
1040 3281 1095 3345 uni
1117 3280 1239 3346 homini
1269 3284 1404 3349 semelne

265 3379 394 3463 accidit,
416 3380 459 3445 ad
475 3401 567 3446 omne
582 3387 706 3463 tempus
722 3401 897 3464 omnesque
920 3380 1064 3447 homines
1087 3384 1286 3468 transferant,
1309 3383 1402 3450 mani·

265 3482 381 3547 festum
404 3480 497 3548 huius
526 3501 600 3548 usus
630 3484 812 3566 exemplum
842 3491 891 3550 est
918 3482 1006 3568 apud
1027 3483 1206 3567 Nasonem,
1235 3486 1291 3553 ubi
1313 3486 1402 3566 Poly·

265 3583 435 3670 phemum,
464 3584 519 3664 qui
544 3584 644 3648 semel
667 3583 773 3650 Ulixis
795 3587 900 3652 socios
923 3585 1106 3668 deuorauit‚
1135 3587 1226 3671 fingit
1249 3586 1402 3673 hospitum

265 3705 362 3754 came
383 3703 510 3768 semper
531 3690 713 3750 noscentem
736 3685 774 3751 ef.
792 3688 869 3748 760:

532 3786 619 3851 uisus
641 3785 682 3849 ab
704 3783 831 3869 hospite
853 3787 940 3851 nullo
960 3785 965 3869 Ι
984 3789 1112 3874 inpune,

266 3895 322 3979 qui
343 3913 414 3960 mos
436 3910 508 3959 cum
528 3907 612 3954 nunc
634 3885 765 3969 quidem
788 3888 958 3972 omittatur,

535 3996 621 4060 tutae
643 3989 837 4077 uenimrque
859 3991 1040 4076 abeuntque
1063 3995 1191 4060 carinae
1212 3998 1254 4074 (u.
1272 3998 1357 4080 769),
