3028 4672
247 253 308 314 196
611 245 744 313 carpus
762 243 895 296 marcus
912 241 1032 297 nomm

245 427 303 510 qni
317 425 380 490 nisi
394 419 641 508 persuadentem
660 419 782 484 iaceret
802 421 1026 496 aeterniorem,
1048 435 1176 482 omnem
1198 416 1292 480 illam
1314 437 1408 484 scae-

245 547 321 595 nam
342 545 407 591 non
429 523 625 602 induxisset,
654 539 727 584 cum
749 517 784 582 id
805 535 934 599 quoque
955 517 1115 600 studeret,
1145 523 1304 601 utquam
1326 522 1407 586 stul-

245 631 403 697 tissimum
431 623 628 690 describeret
650 620 852 703 Dionysium
896 618 1045 700 Denique
1067 618 1199 702 Synesii
1220 619 1340 687 Ulixes
1371 622 1408 687 id

245 735 368 797 antam
397 727 481 809 agit,
511 731 546 789 ut
572 725 677 790 solum
705 742 741 788 se
770 726 878 786 seruet
906 720 1077 786 comitibus
1105 720 1286 804 destitutis,
1316 723 1408 806 quod

246 831 394 915 congruit
422 845 495 893 cum
524 826 582 892 illo
603 823 806 904 charactere,
834 841 898 886 non
921 823 1103 888 concineret
1131 842 1205 888 cum
1226 822 1408 891 Philoxeni

245 931 399 1012 consilio;
429 929 458 994 si
478 946 557 993 uero
579 932 719 994 statuere
740 923 845 989 mauis
867 923 996 989 omnino
1018 923 1088 988 sine
1110 925 1283 991 comitibus
1313 927 1408 992 illum

246 1035 379 1102 Ulixem
400 1027 520 1110 induci,
542 1047 584 1093 ne
602 1025 666 1093 hoc
681 1025 812 1109 quidem
827 1023 964 1106 quadrat
985 1023 1029 1088 ad
1042 1023 1283 1111 Philoxenium,
1307 1048 1407 1111 quem

247 1135 346 1203 sociis
368 1130 555 1198 comitatum
576 1129 675 1194 fuisse
698 1146 740 1193 ex
760 1124 986 1209 Aristophanis
1008 1125 1144 1209 parodia
1164 1135 1313 1211 apparet.

332 1234 377 1300 Ut
398 1237 511 1316 aperte
528 1228 673 1295 dicamus
695 1227 775 1310 quid
796 1228 987 1293 sentiamus:
1009 1227 1137 1293 uidetur
1157 1229 1253 1295 nobis
1276 1237 1310 1295 et
1331 1251 1405 1314 per·

247 1356 327 1404 sona
347 1333 456 1401 Ulixis
479 1335 511 1396 et
532 1331 686 1396 orationis
707 1336 800 1395 tenor
822 1335 855 1394 et
875 1347 1012 1394 scaenam
1042 1328 1196 1394 decursus
1225 1332 1331 1414 magis
1361 1332 1406 1398 ad

247 1435 448 1506 comoediam
466 1451 562 1515 quam
583 1431 627 1498 ad
647 1431 734 1498 hunc
754 1429 994 1513 dithyrambum
1015 1429 1191 1512 quadrare;
1213 1432 1299 1497 alins
1318 1436 1406 1499 enim

245 1545 363 1624 poetae
377 1534 460 1602 nihil
474 1535 628 1599 intererat
642 1553 740 1616 quam
755 1534 910 1617 optimum
924 1531 1047 1615 fingere
1062 1532 1203 1615 Ulixem,
1227 1533 1287 1599 sed
1308 1533 1406 1601 finxit

245 1640 361 1722 talem,
391 1637 497 1721 qualis
519 1635 552 1699 iu
574 1635 753 1719 posteriore
774 1635 866 1718 poesi
892 1633 1021 1699 uidetur
1049 1635 1196 1700 excultus
1224 1654 1296 1701 esse
1310 1639 1332 1710 ¹)
1363 1657 1406 1704 ex

246 1761 305 1808 suo
327 1739 460 1807 arbitrio
482 1737 566 1803 risus
587 1734 740 1802 mouendi
762 1755 861 1801 causa
881 1755 933 1801 res
959 1736 1022 1800 sibi
1052 1736 1258 1803 constituens.
1304 1737 1405 1806 Scae·

247 1845 341 1908 nicae
369 1844 478 1904 antem
506 1838 643 1903 actionis
670 1837 859 1903 memoriam
885 1837 1004 1903 referre
1032 1837 1154 1903 dixeris
1182 1845 1294 1921 gestus
1327 1842 1405 1908 illos

247 1939 402 2025 Cyclopis
419 1937 610 2004 cachinnum
631 1958 727 2021 qnam
748 1938 926 2003 maximum
947 1938 1099 2021 tollentis,
1122 1959 1236 2006 manus
1259 1944 1406 2026 complo

247 2043 364 2126 dentis,
387 2046 530 2108 mentum
544 2041 652 2109 Ulixis
669 2040 905 2124 permulcentis,
918 2059 1010 2124 ⁸quos
1031 2040 1184 2107 libentius
1199 2061 1217 2107 e
1233 2045 1407 2112 comoedia

247 2152 431 2230 repetamus
448 2163 544 2226 quam
560 2161 601 2210 ex
616 2141 822 2228 dithyrambo
837 2141 996 2210 scaenico.
1032 2142 1147 2226 Neque
1170 2149 1279 2209 tamen
1300 2152 1404 2213 totam

120 2323 126 2338 ι
248 2247 421 2333 epistulam
445 2266 487 2311 ex
509 2244 571 2312 hoc
599 2246 687 2312 fonte
715 2245 864 2312 deriuare
891 2245 1039 2311 uelimus.
1083 2245 1192 2310 Verba
1214 2247 1317 2312 enim:
1346 2251 1404 2315 καὶ

249 2347 406 2433 δεήσεταί
425 2366 485 2410 σου
507 2348 563 2412 καὶ
586 2338 808 2432 ἀντιβολήσει,
833 2343 872 2411 σύ
895 2344 931 2410 δὲ
953 2336 1048 2430 ἇκκιῇ
1069 2345 1126 2409 καὶ
1147 2344 1404 2433 κατειρωιεὺσῃ,

249 2451 366 2534 quibus
395 2450 514 2515 amoris
542 2451 624 2516 ratio
654 2451 751 2533 plane
780 2451 948 2515 incertitur
969 2449 1015 2514 ita
1037 2447 1184 2532 quidem,
1213 2453 1248 2514 ut
1270 2450 1316 2531 is,
1347 2451 1405 2532 qui

249 2549 357 2617 adhuc
380 2550 554 2616 submissas
575 2570 688 2636 preces
709 2572 774 2617 non
796 2556 845 2616 est
866 2549 1073 2633 dedignatus,
1104 2569 1176 2615 cum
1202 2557 1311 2616 amata
1338 2572 1406 2618 non

248 2653 353 2720 solum
382 2650 488 2733 fauet,
518 2650 576 2716 sed
605 2653 678 2734 ipsa
706 2651 749 2716 ad
774 2670 888 2735 preces
917 2650 1100 2734 descendit,
1130 2643 1265 2727 Ἀκκοῦς
1293 2661 1405 2737 partes

248 2772 347 2838 agere
363 2756 396 2818 et
410 2752 657 2835 despicientiam
672 2753 824 2818 simulare
839 2751 974 2834 dicatur,
997 2771 1037 2816 ea
1050 2753 1182 2835 inquam
1197 2754 1298 2820 uerba
1316 2775 1406 2821 com-

248 2853 467 2922 monefaciunt
486 2872 547 2919 nos
562 2851 728 2919 Theocriti
742 2853 785 2918 id.
799 2854 853 2937 VI,
876 2873 939 2936 quo
957 2855 1079 2919 ironice
1094 2853 1289 2939 Polyphemi
1310 2877 1406 2923 amor

248 2978 270 3024 a
292 2957 418 3024 duobus
440 2955 624 3039 pastoribus
645 2954 807 3038 illuditur,
829 2955 899 3038 ipse
921 2962 1029 3022 autem
1050 2962 1142 3022 aestu
1163 2957 1265 3041 ipsius
1288 2957 1406 3023 Nerei-

249 3059 324 3127 dem
353 3059 520 3125 incensam
543 3075 614 3123 esse
638 3062 726 3125 ratus
753 3056 834 3123 nihil
861 3077 896 3124 se
918 3059 1036 3124 sentire
1066 3059 1196 3124 simulat
1224 3077 1275 3124 uu.
1299 3062 1341 3123 25
1354 3079 1404 3143 sq.

248 3161 356 3245 Atque
374 3160 631 3227 Alexandrinam
653 3165 755 3226 artem
778 3160 949 3226 ostendunt
970 3160 1146 3225 amatoriae
1169 3160 1245 3225 illae
1269 3155 1406 3245 ἒπῳόαί

212 3281 216 3288 ’
250 3267 283 3328 ct
304 3258 509 3344 κατάδεσμοι
531 3266 563 3327 et
584 3258 787 3345 καταιάγκαι
808 3268 841 3328 ei
863 3259 971 3344 ἰὀγγες
996 3267 1028 3327 ct
1050 3261 1133 3326 antri
1155 3261 1317 3345 purgandi
1339 3263 1404 3329 sin·

250 3363 327 3447 gula
347 3368 523 3446 praecepta
543 3368 693 3429 accurate
715 3364 886 3448 descripta.
932 3360 1055 3440 Quibus
1077 3381 1119 3428 ex
1142 3364 1247 3430 causis
1275 3363 1404 3431 dubita-

249 3481 331 3545 mus,
353 3480 430 3527 num
445 3465 583 3546 epistula
599 3462 727 3546 Syuesii
743 3465 790 3532 uti
804 3465 964 3548 possimus
979 3464 1164 3547 incorrupta
1183 3464 1264 3530 duce
1286 3465 1331 3531 ad
1353 3485 1404 3532 re-

250 3560 469 3630 suscitandum
485 3561 658 3630 Philoxeni
678 3564 927 3649 dithyrambum.
961 3562 1046 3642 Quin
1060 3585 1138 3632 uero
1153 3566 1268 3632 similis
1284 3586 1404 3633 scaena

250 3666 284 3732 iu
306 3663 363 3730 illo
386 3663 528 3730 carmine
550 3664 645 3730 inerit
666 3685 730 3731 non
753 3666 946 3751 dubitamus,
970 3686 1042 3732 cum
1057 3666 1255 3734 Philoxenus
1277 3668 1401 3750 primus

252 3799 457 3814 .....—.-—-

340 3885 364 3944 1)
382 3877 505 3949 vestigia
522 3878 602 3934 huius
620 3892 754 3948 personae
770 3880 855 3935 habes
873 3881 918 3935 uel
935 3880 963 3935 in
975 3881 1058 3938 Sileni
1069 3883 1160 3939 uerbis
1173 3883 1239 3938 Eur.
1251 3883 1324 3954 Cycl.
1337 3888 1401 3939 104:

490 3958 544 4019 οἶδ’
564 3961 653 4037 ἄνδρα
670 3960 815 4035 κρόταλον,
834 3961 911 4036 desae*
932 3964 1054 4037 Σισύφου
1071 3973 1155 4039 ya'voc.
