3028 4672
469 275 512 330 lle
528 274 694 346 Polyphemo
713 281 741 331 et
759 276 880 334 Galatea.
1192 278 1252 340 179

98 449 317 516 aemulatores
338 447 547 533 perhibentur
561 448 755 531 Polyeuctus
770 448 919 517 Achaeus
938 456 971 516 et
984 451 1116 519 Diocles
1129 452 1253 538 Gynae-

97 551 197 618 theus
219 569 283 616 nen
305 551 409 633 magis
430 551 498 616 uoti
521 569 618 632 quarn
639 551 667 616 is
690 570 786 634 quern
807 553 870 619 sibi
892 552 934 618 ad
962 552 1152 619 imitandum
1178 574 1252 638 pro-

96 658 285 739 posuerunt.
329 651 465 735 Aliquid
485 657 609 736 amen,
639 652 667 717 si
689 652 855 720 nobiseum
876 659 971 737 putas
994 653 1252 722 citharoedorum

98 755 232 822 illorum
253 774 370 820 nomen
396 773 466 820 esse
496 773 609 837 unum,
639 772 680 819 ex
702 753 803 820 altero
832 756 903 821 loco
932 761 1039 840 potest
1067 755 1167 839 effici,
1196 757 1252 822 nbi

98 858 249 923 iunctura
271 846 385 940 ὥσπερ
400 856 467 919 τῶν
483 850 671 938 ἑξαμέτρων
687 852 775 930 τινὲς
798 851 855 920 ἐπὶ
877 851 915 921 τὸ
938 856 1068 944 γελοῖοι
1089 854 1252 942 παρῳδὰς

99 949 208 1042 εὗρον,
233 947 319 1021 οὕτω
340 958 398 1022 καὶ
418 958 478 1044 τῆς
499 954 710 1041 κιθαρῳδίας
731 959 866 1042 πρῶτος
881 955 1041 1034 Οἰνώπας
1064 979 1102 1026 eo
1123 960 1194 1043 fert,
1217 966 1253 1026 ut

99 1079 186 1144 quae
208 1059 382 1126 secundum
404 1059 548 1125 indolem
575 1057 629 1123 hic
650 1066 882 1142 componuntur
904 1062 1016 1146 apicas
1039 1068 1072 1128 et
1093 1061 1251 1130 citharoe-

99 1162 196 1229 dicae
217 1163 326 1246 poesis
348 1161 518 1247 parodiae,
548 1179 603 1227 eas
624 1179 665 1226 ne
688 1163 840 1244 temporis
863 1162 993 1245 quldem
1015 1183 1132 1248 magno
1154 1165 1250 1230 inter·

99 1265 191 1330 uallo
214 1264 433 1330 existimemus
455 1262 641 1329 disiunctas.
684 1262 754 1328 Iam
779 1281 851 1328 oum
880 1266 993 1349 epieae
1021 1266 1175 1348 perediae
1203 1267 1251 1332 in-

99 1371 215 1432 uentor
238 1366 379 1432 omnium
401 1366 434 1429 in
456 1384 512 1430 ore
534 1366 576 1430 sit
589 1365 735 1448 Hegemo
750 1365 889 1434 Thasius
913 1367 963 1445 (cf.
980 1367 1110 1434 Aristot.
1126 1374 1214 1453 poet.
1231 1372 1251 1432 2

98 1489 132 1552 p.
148 1470 259 1533 1448a
281 1487 311 1533 u.
328 1465 542 1533 Schraderum
556 1465 637 1532 Mus.
648 1465 751 1531 Rhen.
766 1467 831 1531 XX
852 1489 884 1551 p.
899 1469 958 1531 186
979 1467 1087 1534 adnot.
1100 1471 1140 1553 1),
1162 1470 1250 1537 Alci·

99 1569 208 1637 biadis
225 1589 372 1652 coaeuus,
391 1588 455 1635 non
470 1570 604 1634 multum
619 1573 725 1634 aetate
740 1567 859 1635 distare
875 1569 1066 1635 uerisimile
1082 1576 1130 1636 est
1146 1570 1249 1637 Oeno-

100 1693 177 1756 pam
199 1673 292 1737 illum
317 1670 370 1738 uel
392 1668 562 1754 Oenonen,
591 1669 828 1737 citharoedicae
856 1670 1012 1753 parodiae
1039 1671 1248 1738 inuentorem.

97 1775 217 1840 Nonne
239 1773 384 1856 adprime
413 1771 467 1838 hic
494 1771 584 1838 locus
607 1771 744 1856 quadrat
767 1771 811 1837 ad
832 1772 1059 1838 Aristoteleum
1088 1773 1249 1839 illustran-

97 1875 203 1942 dum?
253 1872 530 1952 Quemadmodum
557 1876 591 1941 in
620 1876 713 1961 opica
738 1875 830 1959 poesi
859 1875 988 1940 tertium
1014 1892 1115 1957 genus
1143 1875 1248 1940 imita·

97 1979 197 2044 bouis
220 1976 317 2042 efficit
342 1976 478 2061 parodia
499 1977 693 2060 Hegemonis
716 1976 845 2059 Thasii,
875 1977 922 2042 ita
948 1977 982 2041 in
1012 1974 1249 2060 dithyrambica

99 2080 155 2147 uel
178 2080 307 2146 nomica
327 2077 463 2162 parodia
478 2077 639 2162 Oenopae.
676 2079 884 2145 Restituimus
906 2078 1004 2162 igitur
1024 2076 1113 2162 apud
1126 2076 1249 2144 Aristo-

99 2183 197 2249 telem
221 2181 317 2247 huius
338 2181 428 2247 mimi
449 2200 576 2265 nomen,
599 2181 688 2247 cuius
710 2200 820 2246 ueram
843 2180 978 2245 formam
996 2197 1066 2244 esse
1087 2175 1249 2264 Οἰνωιᾶς,

97 2305 164 2350 non
189 2279 349 2359 Οἰνώπας
376 2284 483 2367 arguit
508 2283 676 2349 frustulum
705 2286 867 2364 superstes
900 2279 1148 2364 perispomenon
1176 2282 1248 2364 γᾶς.

97 2386 214 2469 Neque
230 2404 308 2451 uero
323 2383 439 2451 sufficit
458 2384 658 2452 substituisse
679 2401 797 2449 nomen
817 2381 982 2464 proprium
1004 2371 1120 2468 ὥσπερ
1140 2379 1249 2448 Οἰνω-

100 2488 162 2562 νᾶς
176 2478 365 2561 Κύκλωπας
378 2482 548 2566 Τιμόθεος
569 2484 625 2548 καὶ
642 2479 835 2559 Φιλόξενοςι
858 2481 971 2548 altiore
992 2484 1101 2550 ulcere
1122 2485 1249 2552 laborat

98 2589 271 2656 uerborum
294 2588 473 2655 collocatio.
509 2587 624 2652 Falsus
645 2591 795 2652 accentus
816 2584 1118 2671 memmatensis,
1141 2589 1246 2671 qualis

97 2691 217 2775 legitur
238 2692 272 2755 in
294 2689 407 2756 codice
421 2689 577 2772 Parisino,
600 2690 837 2773 simplicissime
859 2689 906 2754 sic
923 2687 1112 2773 explicatur,
1134 2695 1171 2756 ut
1191 2691 1247 2756 ab·

99 2812 224 2860 enasse
239 2796 389 2876 putentur
402 2791 526 2856 librarii
542 2791 627 2857 oculi
643 2791 806 2858 adsimile
828 2789 962 2858 uerbum
981 2791 1126 2856 eiusdem
1140 2797 1246 2873 notae,

102 2892 255 2969 Οἰνωιᾶς
275 2894 426 2960 nimirum
435 2893 467 2975 1),
491 2893 576 2975 quod
598 2898 654 2958 aut
672 2893 847 2976 praecessit
867 2893 921 2958 uel
943 2897 1086 2958 secutum
1109 2895 1159 2956 est
1179 2897 1245 2973 aut,

98 2997 132 3063 id
148 2995 238 3080 quod
260 2993 313 3062 hic
335 2993 533 3078 probabilius
551 2994 688 3078 uidetur,
711 2996 744 3059 in
765 2994 904 3078 proximi
926 3011 1037 3059 uersus
1059 2992 1164 3074 capite
1187 2992 1247 3058 fuit

97 3101 248 3183 positum.
293 3095 387 3164 Unde
410 3095 536 3162 uidetur
565 3097 598 3160 in
625 3097 799 3180 superioris
827 3095 932 3159 lineae
961 3094 1086 3157 initium
1115 3092 1245 3178 elatum,

97 3203 152 3268 ubi
182 3219 266 3266 nunc
295 3198 448 3264 remansit
473 3199 533 3281 γᾶς
555 3217 596 3264 ex
618 3197 678 3271 ιᾶς
705 3196 800 3261 facile
828 3192 1006 3260 oriundum.
1051 3191 1246 3277 Suppleutes

97 3308 205 3370 autem
221 3300 412 3384 particulam
426 3303 483 3363 act
498 3301 544 3366 sic
554 3298 745 3365 arbitramur
758 3297 865 3361 locum
876 3293 1110 3382 retingendum:
1129 3285 1245 3382 ὥσπερ

96 3401 287 3477 Κύκλωπας
307 3399 478 3483 Τιμόθεος
498 3401 551 3465 καὶ
571 3395 751 3474 Φιλόξενος
772 3395 844 3478 <acl
864 3393 1039 3477 Οἰνω>νᾶς,
1061 3393 1246 3482 μιμήσαιτο

98 3498 139 3570 ἄν
160 3519 229 3579 τις·
253 3509 286 3569 et
307 3505 509 3587 agnoscimus
531 3501 748 3568 testimonium
770 3499 811 3565 de
834 3499 1051 3584 discrepantia
1072 3501 1245 3568 carminum

97 3607 273 3694 praecipue
287 3604 450 3671 Timothei
471 3610 503 3670 et
517 3603 698 3669 Philoxeni.
728 3602 864 3668 Videtur
878 3603 964 3669 enim
979 3602 1166 3670 Timotheus
1182 3603 1245 3688 Gy·

98 3708 203 3792 clopis
217 3711 364 3773 naturam
379 3705 583 3790 grandiorem
599 3724 694 3788 quam
716 3705 900 3771 taetriorem
922 3706 1117 3789 concepisse,
1140 3705 1243 3788 magis

188 3863 213 3924 1)
231 3856 311 3910 Nunc
328 3853 425 3910 melius
442 3853 478 3910 ad
495 3862 615 3911 nostram
631 3869 688 3910 rem
704 3853 808 3910 faceret
823 3853 912 3909 forma
929 3852 1069 3918 Οἰνώπαι,
1091 3867 1159 3922 quae
1176 3852 1244 3906 scri·

97 3944 188 4000 baum
200 3947 272 3998 esset
284 3939 418 4006 οἰναιιᾶι,
437 3939 485 3994 rod
496 3939 605 3994 nomina
616 3941 728 4010 propria
744 3940 772 3994 in
789 3957 879 3994 -aaac
895 3939 1020 3996 exeuntia
1037 3937 1163 3992 uidentur
1179 3951 1243 4007 par·

97 4031 219 4100 oxytona
235 4040 296 4082 esre
314 4023 404 4080 omnia
420 4023 546 4079 ethich.
560 4024 770 4094 nompcrstlr.
789 4040 816 4094 p.
830 4029 886 4080 111.
1024 4105 1039 4140 *

988 4109 1019 4160 12
