3028 4672
488 295 530 350 De
547 294 711 366 Polyphemo
729 300 756 350 et
773 295 894 351 Galatea.
1206 303 1265 360 181

114 469 330 537 recentiorum
346 470 534 536 commentis
549 468 753 535 sedulitatem
767 468 810 535 ad
825 469 1060 553 dispiciendam
1075 476 1175 539 artem
1190 494 1267 557 poe·

111 579 170 637 tae
192 590 306 654 parum
327 569 531 636 fructuosam.
573 571 806 656 Argumentum
826 577 934 636 autem
956 572 1098 638 fabulam
1119 575 1266 642 Homeri-

115 693 188 740 cam
203 673 303 739 fnisse
318 671 402 738 inter
416 692 525 740 omnes
542 679 674 739 constat.
703 672 857 756 Spectant
873 674 958 739 enim
972 681 1084 758 aperte
1098 676 1142 741 ad
1156 677 1266 743 uinum

114 775 160 841 ab
181 775 280 842 Ulixe
302 773 504 858 Polyphemo
531 775 712 858 praebitum
734 793 845 840 uersus
867 775 909 840 ab
931 775 1048 842 Athen.
1065 777 1113 842 XI
1135 797 1166 861 p.
1179 782 1268 845 4650

117 882 152 943 et
174 873 320 941 Eustath.
343 876 590 959 p.1631,61sq.
613 876 733 942 seruati
756 874 885 957 (Bergk.
902 877 923 942 l.
936 877 957 943 l.
973 877 1010 943 fr.
1024 882 1056 954 5)

263 986 410 1073 ‘lepreso
432 984 464 1056 δ’
483 992 517 1058 ἓν
538 991 598 1074 μὲν
621 989 727 1069 δέπας
749 995 897 1057 κίσσινον
919 995 1079 1076 μελαίνας

271 1091 430 1177 σταγόνος
452 1085 622 1181 ἀμβρότας
644 1086 744 1181 ἀφρῷ
764 1091 920 1179 βρυάζον

271 1195 395 1262 ε’ίκσσιν
417 1194 453 1260 δὲ
475 1187 570 1282 μέτρ’
593 1188 741 1277 ἆνίχευεν
764 1193 878 1280 epicope
899 1187 940 1259 θ’

270 1295 354 1380 αἷμα
376 1302 520 1379 Βακχίου
544 1296 733 1384 νεοῤῥύτοις
755 1295 928 1384 δακρύοισι
949 1301 1107 1386 Νυμφᾶν.

114 1416 267 1484 Notanda
288 1424 396 1484 autern
419 1423 467 1484 est
494 1418 631 1483 imitatio
654 1417 803 1499 Homeri,
832 1437 905 1483 cum
933 1437 1037 1500 paene
1065 1418 1109 1484 ad
1133 1421 1268 1486 uerbum

115 1537 272 1602 expressa
294 1518 415 1586 dixeris
438 1516 519 1586 haec
541 1520 582 1584 de
605 1517 666 1586 Od.
681 1519 740 1602 IX,
756 1520 818 1581 208
830 1538 915 1600 sqq.:

270 1631 328 1700 τὸν
350 1626 382 1700 δ’
407 1627 462 1701 ὅτε
484 1641 615 1702 πίνοιεν
637 1633 797 1723 μελιηδέα
819 1629 909 1700 οἶνον
932 1631 1092 1722 ἐρυθρόν,

270 1736 304 1802 ἓν
327 1735 433 1813 δέπας
455 1734 629 1824 ἐμπλήσας
650 1728 771 1815 ύδατος
794 1733 858 1802 ἀνὰ
882 1735 988 1802 ε’ίκοσι
1009 1734 1115 1822 μέτρα

267 1830 352 1920 χεῦ’·
382 1831 467 1926 ὀδμὴ
492 1832 524 1904 δ’
550 1834 648 1926 ἡδεῖα
670 1831 738 1905 ἆπδ
762 1840 921 1926 κρητῆρος
943 1830 1065 1905 ὀδώδει

269 1943 454 2028 θεσπεσίη·
477 1943 527 2020 (cf.
544 1944 757 2027 Bipp.p.71).

110 2059 223 2143 Atque
251 2055 357 2136 δέπας
382 2063 530 2126 κίσσινον
559 2062 646 2146 apud
668 2062 844 2129 Homerum
874 2067 922 2127 est
948 2058 1121 2143 κισσύβιον
1146 2083 1176 2128 u.
1194 2065 1269 2146 346,

112 2162 203 2245 quod
225 2158 421 2244 ποιμενικὸν
439 2160 602 2248 ποτήριον
624 2184 705 2248 esse,
729 2158 850 2229 ὁποῖον
865 2162 921 2225 καί
935 2162 984 2245 τῷ
999 2159 1129 2248 συβώτῃ
1147 2159 1180 2227 έν
1194 2174 1267 2238 τοῖς

113 2260 190 2349 ἑξῆς
213 2255 351 2348 Εὐμαίῳ
373 2259 473 2344 ἐστίν,
496 2258 542 2341 ὥς
565 2263 661 2352 δηλοῖ
682 2285 769 2351 φασι
790 2264 847 2328 καὶ
870 2258 1040 2344 Τιμόθεος
1063 2259 1097 2327 ἐν
1119 2264 1167 2348 τῴ
1188 2255 1262 2327 κατ’

115 2356 219 2429 αύτδν
234 2363 406 2445 Κύκλωπι,
430 2363 659 2452 παραφρσίσας
674 2357 779 2441 ούτως
801 2365 934 2433 adnotat
948 2363 1134 2433 Emathias
1151 2366 1267 2433 hausta

113 2472 154 2532 ut
174 2467 300 2534 uidetur
322 2467 466 2535 doctrina
487 2488 530 2534 ex
551 2467 652 2534 schol.
668 2467 728 2535 Od.
743 2467 802 2551 IX,
816 2470 894 2550 346,
925 2473 958 2533 et
982 2467 1081 2534 habet
1103 2468 1266 2552 Euripidis

113 2569 257 2654 Cyclops
273 2566 397 2655 σκύφος
411 2571 529 2635 κισσοῦ
549 2591 580 2636 u.
597 2572 658 2634 390
670 2571 703 2647 ²).
737 2568 804 2635 Sed
819 2569 998 2635 cauendum
1016 2574 1074 2653 est,
1096 2590 1138 2637 ne
1161 2568 1267 2645 δέπας

111 2675 264 2736 κίσσινον
292 2671 334 2738 de
361 2671 512 2757 Cyclopis
541 2672 673 2739 uasculo
703 2671 944 2755 intellegamus,
978 2692 1172 2756 quamquam
1204 2670 1266 2738 hoe
1332 2737 1339 2760 ,Α

113 2772 253 2840 suadere
280 2773 408 2840 uidetur
430 2773 589 2840 Hastathii
617 2772 791 2839 adnotatio.
836 2774 920 2840 Nam
948 2775 1005 2840 uix
1035 2774 1189 2841 credibile
1218 2779 1268 2840 est

111 2876 283 2942 miscuisse
304 2877 415 2942 uinum
437 2894 501 2958 quo
514 2873 749 2959 Polyphemum
771 2877 931 2959 sopiturus
950 2881 1035 2943 esset
1049 2873 1187 2958 Ulixem,
1210 2893 1265 2941 ne·

113 2996 179 3060 que
201 2977 359 3044 Homerus
379 2995 485 3059 neque
503 2977 673 3061 Euripides
696 2977 757 3044 hoc
778 2977 938 3059 dixerunt,
961 2977 1019 3043 sed
1041 2977 1147 3059 potius
1170 2995 1265 3058 quam

111 3079 324 3145 fortissimum
339 3084 451 3162 potum
466 3098 638 3163 suggerere
659 3079 832 3145 fortissimo
854 3079 923 3145 uiro
946 3097 1022 3143 ere
1044 3082 1122 3142 erat.
1159 3076 1264 3144 Praue

113 3182 213 3265 igitur
245 3179 430 3247 Eustathius
463 3182 675 3263 antiquiorem
707 3186 870 3246 auctorem
903 3178 1073 3261 exscripsit
1104 3177 1265 3246 Athenaei

112 3283 187 3348 loco
209 3281 374 3365 inductus,
404 3283 460 3365 qui
488 3301 657 3366 perperam
679 3282 811 3349 Homeri
839 3280 913 3347 illos
942 3299 1053 3346 uersus
1080 3280 1188 3348 uerbis
1217 3282 1264 3346 in-

205 3453 227 3514 1)
245 3449 438 3504 Schneidewini
457 3449 613 3504 coniectura
629 3446 714 3503 Nunt.
731 3447 804 3502 Gott.
821 3450 886 3502 1844
903 3462 931 3515 p
944 3450 1009 3501 1386
1031 3444 1132 3513 ἔπλησε
1150 3447 1263 3503 reiecta-

114 3547 181 3597 nea,
206 3533 278 3601 quod
297 3532 330 3586 de
347 3533 470 3588 mistione
488 3548 592 3600 sermo,
616 3533 662 3588 uhi
680 3532 802 3588 funditur
820 3537 847 3587 et
864 3532 957 3587 ninum
980 3535 1007 3586 et
1029 3545 1114 3601 aqua;
1140 3533 1264 3603 expletur

113 3634 170 3675 non
188 3617 331 3688 poculum,
349 3617 398 3673 sed
415 3619 513 3673 crater.

204 3707 229 3764 ll
247 3701 366 3771 lugentis
383 3701 576 3771 magnitudinis
595 3701 648 3756 sibi
665 3701 771 3770 fingunt
787 3703 915 3772 poculum
933 3701 1044 3773 Cyclopi
1061 3701 1182 3756 oblatum
1197 3701 1262 3755 Doi-

115 3788 312 3858 pnosophietae
322 3787 420 3841 Athen.
431 3786 471 3842 XI
487 3804 514 3856 p.
526 3788 628 3843 Adlcd.
644 3792 722 3854 sele,
741 3803 803 3842 cum
815 3792 857 3842 ter
869 3787 1030 3842 exhaustum
1043 3785 1185 3856 Cyclopem
1197 3800 1261 3852 pro-

115 3873 254 3940 strauerit,
272 3877 300 3927 et
313 3872 516 3941 reprehendunt
527 3872 688 3944 Dionysium
700 3871 826 3940 Samium,
844 3870 942 3941 quod'
932 3888 962 3925 m
980 3870 1137 3939 compendio
1155 3868 1262 3938 mytho·

114 3957 202 4028 logico
228 3956 272 4022 (ci.
287 3957 422 4012 Welclrer.
439 3958 506 4027 cycl.
521 3959 577 4026 ep.²
595 3961 742 4026 ploaqq)
765 3955 865 4012 illuda
849 3962 966 4026 κυμβίον
983 3954 1144 4025 appellauit,
1169 3951 1204 4009 cf.
1223 3954 1259 4009 et.

114 4042 214 4098 Athen.
225 4041 309 4111 le.
321 4043 424 4096 lllde.
