3028 4672
468 229 511 285 De
527 229 693 300 Polyphemo
711 237 738 285 et
756 231 877 286 Galama.
1192 235 1252 296 173

92 406 160 471 bus
182 401 324 470 moribus
346 402 485 487 pastoris
507 401 766 486 accommodata,
798 423 882 486 quae
909 405 1049 471 maxime
1078 409 1253 492 conspicua

92 505 149 590 fit,
179 505 237 570 uhi
258 506 328 587 ipse
351 503 492 589 Cyclops
514 523 592 570 suae
614 505 701 569 uitae
730 504 991 572 consuetudinem
1022 509 1169 590 exposite
1196 509 1252 577 de-

91 608 217 673 format
246 609 307 671 316
320 626 389 689 sqq.
439 607 480 673 Et
510 605 591 672 allas
621 605 825 671 inueniuntur
858 608 1081 690 imagunculae
1114 609 1252 678 bucolici

93 709 217 776 eoloris
241 708 280 775 cf.
298 710 375 773 360:

93 917 158 978 541
276 825 477 921 δασυμάλλῳ
501 823 535 891 ἓν
557 823 664 910 αἰγίδι
683 824 875 911 κλιναμὲνῳ.

273 996 330 1062 καὶ
351 992 417 1081 μὴν
439 993 603 1076 topeodis
624 987 657 1080 γ’
684 979 785 1071 οὖδας
808 987 960 1083 ἀνθηρᾶς
979 993 1090 1083 χλόης.

93 1117 175 1181 Vini
197 1121 304 1181 autem
326 1115 376 1182 uis
398 1121 547 1199 procreat
569 1122 698 1182 cantum
720 1114 930 1199 Polyphemi,
960 1116 1050 1182 ouius
1072 1115 1161 1201 apud
1181 1118 1251 1200 epi-

95 1237 173 1283 cum
196 1223 324 1300 poetam
346 1218 468 1282 nullum
491 1218 671 1300 uestigium.
710 1215 775 1281 Sed
799 1222 848 1283 est
869 1217 1009 1300 mugitus
1031 1218 1252 1302 potiusquam

95 1337 229 1384 carmen
244 1318 442 1396 modulatum
463 1337 568 1400 neque
588 1318 719 1384 fauente
733 1319 826 1384 Musa
848 1317 953 1383 editur
975 1319 1014 1384 cf.
1030 1321 1102 1384 423.
1121 1323 1182 1383 425
1192 1339 1250 1402 ια,

95 1425 134 1484 ut
156 1425 282 1484 antrum
303 1421 369 1484 late
391 1425 527 1484 resonet.
550 1420 683 1485 Titubat
705 1424 813 1484 autem
835 1438 877 1484 ex
899 1420 1054 1501 spelunea

275 1513 392 1604 ἄχαριν
413 1517 551 1584 κέλαδον
572 1516 811 1601 μουσιζόμενας

275 1617 391 1696 σκαιδς
414 1613 552 1706 &aptos
574 1623 736 1704 (4898q.),

94 1730 133 1788 ut
160 1724 366 1790 comissatum
393 1729 445 1789 eat
471 1723 514 1789 ad
538 1722 697 1806 Cyclopes
724 1723 838 1788 fratres
869 1726 943 1802 (445
956 1727 1031 1806 sq.)‚
1062 1730 1094 1789 et
1123 1743 1251 1790 carmen

95 1826 281 1892 satietatem
302 1826 411 1907 pransi
433 1826 566 1909 potique
597 1824 759 1890 illustrans
783 1823 928 1890 effundit.
973 1824 1132 1892 Conuenit
1160 1825 1250 1892 deni·

95 1946 160 2010 qne
183 1945 256 1992 oum
278 1931 346 1992 tota
367 1925 582 2010 descriptione
597 1925 776 2008 Euripiden
797 1925 884 2009 quod
899 1926 1094 2012 dedignatur
1109 1928 1251 2013 Cyclops

94 2029 255 2094 muliebre
278 2047 378 2111 genus
400 2033 596 2094 clamorem
618 2027 809 2093 muliebrem
835 2034 960 2111 turpem
989 2029 1135 2096 iudicans
1159 2049 1250 2098 exer-

96 2131 207 2213 citum,
231 2130 290 2212 qui
310 2129 402 2195 nnius
423 2129 631 2195 mulierculae
654 2149 752 2195 causa
765 2128 932 2211 Phrygum
954 2135 1072 2195 terram
1095 2132 1250 2198 inuaserit

93 2233 170 2308 (283
180 2233 247 2315 αα),
264 2237 297 2297 et
311 2231 397 2314 quod
412 2231 481 2296 fera
494 2230 629 2296 libidine
646 2230 800 2296 ebrietate
816 2228 1013 2296 inflammata
1028 2250 1137 2298 secum
1151 2231 1250 2298 trahit

94 2333 243 2400 Silenum
265 2333 358 2416 quasi
380 2331 601 2415 Ganymedem
623 2350 715 2398 suum
739 2331 856 2415 puerili
879 2351 988 2397 amore
1010 2335 1113 2417 magis
1136 2353 1171 2400 se
1194 2334 1248 2401 de-

94 2437 209 2504 lectari
233 2436 343 2501 dicens
365 2454 462 2517 quam
484 2433 634 2498 muliebri
657 2432 708 2498 his
731 2433 839 2498 uerbis
862 2435 1018 2517 581sqq.:

273 2528 331 2600 οὐκ
354 2525 394 2600 δν
417 2525 610 2623 φιλήσαιμ’.
648 2533 685 2598 αἱ
707 2531 855 2620 Χάριτες
876 2537 1022 2619 πειρῶσί
1043 2558 1094 2617 με.

272 2629 347 2712 ἅλις
368 2633 564 2724 Γανυμήδην
585 2628 679 2701 τόνδ’
705 2633 788 2717 ἔχων
810 2628 1051 2720 ἆνανιαύσομαι

271 2737 433 2804 κάλλιστα
456 2735 492 2824 νὴ
516 2736 578 2815 τὰς
599 2737 769 2825 Χάριτας·
791 2731 916 2825 ἥδομαι
939 2737 974 2804 δέ
996 2762 1071 2815 rcere

273 2852 344 2917 τοῖς
365 2839 556 2905 παιδικοῖσι
578 2841 706 2923 μᾶλλον
728 2829 749 2926 ἢ
770 2852 842 2917 τοῖς
864 2839 1015 2928 θήλεσιν.

96 2943 132 3008 si
153 2948 255 3008 totam
277 2943 450 3028 imaginem
465 2943 674 3026 Euripideam
698 2964 761 3010 uno
784 2950 957 3027 conspectu
978 2945 1085 3008 animo
1108 2941 1247 3024 concipi·

96 3064 176 3126 mus,
201 3045 235 3108 in
257 3046 440 3112 uniuersum
462 3051 590 3111 secutus
614 3050 662 3110 est
683 3052 781 3130 poeta
802 3045 936 3110 Homeri
959 3043 1143 3125 exemplum
1166 3042 1247 3108 fero·

96 3146 227 3212 citatem
254 3164 403 3229 premens
425 3152 459 3214 et
478 3147 632 3212 barbaros
660 3164 782 3229 mores,
813 3165 893 3228 quos
916 3144 1031 3212 Ulixes
1052 3162 1094 3210 ne
1117 3164 1155 3211 eo
1179 3145 1247 3226 qui·

97 3248 172 3312 dem
200 3245 331 3313 flectere
363 3253 486 3332 potest,
520 3247 608 3330 quod
635 3247 780 3313 Graecae
809 3247 942 3329 originis
975 3245 1066 3312 illum
1095 3244 1248 3314 admonet

96 3368 149 3415 uu.
165 3350 322 3431 297sqq.,
351 3368 448 3431 quam
470 3348 601 3432 quidem
623 3349 792 3416 saeuitiam
814 3349 906 3415 auxit
928 3348 1063 3432 singulis
1092 3349 1125 3413 in
1152 3349 1248 3415 rebus

97 3451 237 3533 traglorm
251 3456 350 3533 poeta
365 3449 406 3516 de
421 3470 489 3533 suo,
513 3450 641 3515 omnino
656 3450 784 3533 singula
797 3449 994 3517 lineamenta
1014 3449 1117 3534 magis
1141 3451 1247 3534 expri-

96 3571 186 3618 mens
201 3558 233 3617 et
248 3552 407 3617 actionem
423 3554 556 3636 eiusque
579 3550 785 3619 condiciones
811 3553 973 3620 astrictius
995 3558 1031 3618 nt
1052 3551 1246 3620 dramaticus

98 3659 130 3720 et
151 3653 331 3720 distinctius
354 3654 532 3720 elaborans.
568 3653 683 3737 Neque
706 3654 809 3738 magis
831 3674 928 3738 quam
948 3654 1107 3721 Homerus
1129 3653 1247 3719 ridicu·

97 3757 163 3821 lum
186 3753 310 3822 effinxit
324 3753 568 3839 Polyphemum,
591 3755 651 3821 sed
665 3776 730 3821 nna
744 3762 881 3839 excepta
895 3775 1021 3840 scaena,
1045 3756 1100 3822 nbi
1123 3754 1246 3822 ebrium

96 3857 302 3923 uacillantem
324 3856 465 3939 induxit,
494 3857 646 3924 ridiculas
668 3862 777 3940 partes
798 3877 858 3942 per
887 3864 988 3924 totam
1017 3856 1160 3924 fabulam
1189 3856 1246 3922 ada

97 3958 238 4042 signauit
259 3963 438 4042 satyromm
461 3957 567 4025 choro.
611 3958 704 4024 Illam
734 3964 841 4025 autem
870 3961 975 4042 ipsam
994 3976 1152 4024 vscaenam
1181 3978 1246 4026 non
