2998 4674
466 238 509 292 De
526 237 690 308 Polyphemo
708 243 736 295 et
753 239 875 296 Galatea.
1187 241 1247 301 277

3 405 5 464 ἶ
98 411 188 498 φασὶ
211 407 247 475 δὲ
270 406 329 496 τὴν
356 408 417 492 μὲν
444 406 554 493 χώραν
585 407 760 492 ἐπώνυμον
777 403 937 497 Ἰλλοριοῦ
957 412 1018 477 τοῦ
1039 410 1251 500 Πολοφήμοο

96 514 271 596 γενέσθαι.
313 509 511 598 Πολοφήμῳ
538 508 601 597 γὰρ
629 515 678 598 τῴ
705 511 868 580 Κύκλωπι
894 513 950 578 καὶ
973 513 1141 601 Γαλατείᾳ
1162 518 1252 581 Κολ-

97 611 158 680 τὸν
180 614 237 678 καὶ
256 606 413 699 Ἰλλυριὸν
427 615 483 678 καὶ
499 618 530 677 Γ
528 611 610 678 άλαν
633 613 760 691 παῖδας
781 608 881 693 ὄντας
903 612 1084 700 ἐξορμῆσαι
1097 616 1250 696 Σικελίας

97 716 156 780 καὶ
179 709 280 799 ἄρξαι
300 717 366 780 τῶν
390 707 436 781 δι’
457 707 575 792 αὐτοὺς
596 715 731 780 Κελτῶν
753 717 810 782 καὶ
826 709 993 804 Ἰλλυριῶν
1014 718 1069 784 καὶ
1088 718 1249 786 Γαλατῶν

100 817 325 901 λεγομένων.1)
358 819 414 884 καὶ
435 813 513 882 τόδε
534 841 592 900 μοι
614 816 760 900 μάλιστα
782 815 894 883 πολλὰ
915 816 1132 902 μοθεοόντων
1154 817 1250 906 ἕτερα

5 963 6 986 2
98 919 237 984 πολλῶν
260 911 407 1004 ἀρέσκει,
438 919 525 1003 quod
553 922 769 988 testimonium
799 921 861 988 hoc
881 943 980 989 unum
1007 928 1096 988 certe
1122 922 1252 989 uidetur

97 1022 238 1106 probare
253 1044 317 1089 non
331 1021 536 1088 abhorruisse
550 1023 592 1089 ab
607 1025 739 1107 antiqua
753 1023 843 1108 uulgi
856 1025 1007 1108 opinione
1022 1024 1159 1091 conubio
1175 1044 1249 1091 con·

5 1123 6 1128 ’
100 1126 226 1191 iunctos
243 1143 313 1190 esee
328 1121 562 1208 Polyphemum
584 1132 616 1191 et
630 1125 809 1210 Galateam,
833 1145 898 1208 qua
919 1146 992 1192 cum
1013 1145 1048 1192 re
1070 1125 1152 1192 benc
1173 1146 1248 1193 oon-

5 1307 6 1316 *
100 1227 242 1292 sentiunt
264 1245 347 1308 quae
369 1224 499 1290 tradunt
520 1225 619 1292 schol.
636 1227 771 1295 Theocr.
784 1228 838 1312 VI,
853 1231 872 1290 7
895 1234 928 1293 et
941 1227 1017 1294 Luc.
1034 1226 1075 1294 de
1090 1247 1156 1294 uer.
1173 1227 1247 1295 hist.

101 1329 131 1410 2,
145 1329 164 1391 3
180 1346 279 1412 supra
292 1346 324 1410 p.
340 1329 400 1391 186
422 1324 554 1394 medati.
588 1328 703 1392 Mirum
719 1336 767 1396 est
782 1329 869 1412 quod
884 1348 956 1394 cum
971 1329 1122 1413 Appiano
1144 1349 1250 1413 paene

101 1428 249 1511 congruit
270 1426 357 1510 quod
378 1428 504 1496 Natalis
519 1428 635 1496 Comes
657 1429 745 1503 (uide
761 1450 858 1514 supra
875 1450 906 1515 p.
921 1431 994 1508 185)
1015 1430 1248 1512 Bacchylidem

100 1535 252 1597 testatum
274 1548 345 1595 esse
366 1536 483 1596 narrat.
526 1530 641 1614 Neque
666 1532 764 1614 igitur
785 1530 925 1597 dubitari
953 1537 1060 1614 potest
1083 1530 1123 1597 de
1145 1533 1251 1598 altera

100 1632 214 1713 forma,
237 1637 269 1697 et
290 1650 348 1698 suo
371 1633 439 1697 iure
461 1631 630 1716 Helbigius
652 1634 736 1698 inter
758 1633 835 1699 artis
858 1651 958 1716 opera
980 1633 1141 1714 quaesiuit
1163 1652 1247 1715 quac

100 1733 143 1800 ad
165 1733 255 1800 illam
275 1733 417 1798 referret.
462 1732 584 1811 Quodsi
606 1739 692 1800 r'ecte
719 1734 888 1800 nonnullas
916 1733 1042 1799 tabulae
1065 1733 1247 1817 Campanas

6 1883 7 1890 λ
100 1834 177 1902 huic
198 1837 310 1918 generi
332 1835 530 1918 adsignauit,
559 1834 740 1902 reducimur
761 1835 805 1900 ad
825 1841 992 1920 poetarum
1020 1834 1144 1919 studia,
1175 1855 1247 1902 cum

99 1938 171 2021 ipse
193 1938 249 2002 ille
272 1939 321 2002 uir
344 1937 456 2004 doctus
477 1936 620 2019 pendere
646 1936 730 2004 hano
751 1943 853 2003 artem
880 1938 1020 2004 maxime
1042 1936 1084 2003 ab
1105 1937 1246 2004 Alexan-

100 2039 185 2105 drini
207 2039 281 2105 aeui
302 2039 394 2121 poesi
417 2038 681 2105 demonstrauerit
702 2041 735 2104 in
757 2039 839 2105 libro
862 2059 887 2105 s.
906 2040 927 2104 l.
970 2040 1118 2105 Praestat
1138 2046 1247 2105 autem

98 2160 165 2207 non
179 2141 268 2225 prius
284 2140 325 2206 de
339 2141 487 2224 poeticae
501 2142 700 2208 tractationis
715 2141 838 2223 origine
861 2158 1025 2223 quaerere,
1048 2159 1145 2224 quam
1167 2139 1247 2225 quid

7 2233 8 2236 '
99 2241 143 2310 de
158 2245 232 2327 ipsa
250 2243 307 2308 illa
321 2243 508 2308 tractatione
531 2243 605 2307 sciri
627 2243 729 2325 pos'sit
751 2261 793 2306 ex
814 2241 1025 2323 posteriorum
1048 2242 1138 2307 uarie
1160 2261 1246 2308 com·

98 2346 196 2411 mista
217 2344 377 2426 farragine
400 2345 582 2409 eruerimus.

186 2444 259 2523 Qua
280 2446 313 2510 in
335 2466 369 2511 re
391 2466 454 2510 non
476 2444 654 2528 spernimus
677 2443 849 2510 Luciani
878 2442 1081 2527 dialogorum
1108 2447 1246 2512 marino·

5 2571 6 2576 ¹
98 2567 171 2613 rum
186 2548 323 2632 primum
339 2567 410 2614 cum
426 2545 588 2628 Helbigio‚
612 2546 667 2629 qui
683 2543 766 2610 hunc
780 2545 880 2629 priori
901 2545 1092 2613 adnumerat
1112 2548 1245 2614 formae.

100 2649 308 2716 Golloountur
328 2649 373 2716 ibi
395 2649 492 2714 Doris
514 2654 546 2712 et
569 2647 705 2712 Galatea
727 2646 768 2712 de
790 2645 982 2730 Polyphemi
1010 2669 1121 2716 amore
1142 2669 1245 2732 aeque

98 2758 196 2835 atque
219 2750 305 2834 apud
328 2748 480 2816 Ouidium
503 2749 613 2833 Scylla
635 2756 667 2815 et
688 2747 840 2832 Galatea,
867 2747 925 2815 sed
947 2751 1082 2817 consilio
1105 2750 1244 2816 diuerso.

98 2853 265 2920 Lacessita
280 2853 365 2917 enim
386 2851 543 2918 aDoride
558 2850 694 2918 Galatea
716 2856 748 2916 et
769 2851 921 2916 uellicata
941 2858 1073 2935 propter
1092 2853 1245 2918 amatoris

100 2954 336 3021 deformitatem
352 2952 494 3018 defendit
516 2972 589 3018 eum
611 2953 769 3019 beneuola
790 2958 895 3018 mente
916 2952 1066 3018 uirtutem
1089 2957 1121 3018 et
1142 2958 1245 3019 artem

100 3057 236 3122 clariore
256 3057 289 3120 in
312 3056 383 3121 luce
405 3056 576 3122 collocans.
609 3054 680 3120 Hoc
702 3055 729 3119 si
752 3057 879 3135 spectas
901 3054 1095 3135 apertissimi
1117 3055 1244 3136 signum

99 3159 236 3241 fauoris,
266 3175 379 3241 parum
407 3158 494 3223 ualet
522 3156 609 3239 quod
631 3158 694 3222 al
716 3161 814 3237 negat
835 3174 856 3218 a
877 3172 911 3218 se
934 3155 1034 3218 amari
1057 3153 1243 3240 Cyclopem,

101 3261 216 3343 quibus
239 3278 280 3324 ex
303 3259 409 3326 uerbis
424 3259 594 3343 Helbigius
617 3256 778 3324 concludit
799 3260 898 3324 totam
921 3253 1004 3320 hanc
1025 3255 1244 3324 laudationem

100 3362 265 3428 instituere
281 3361 458 3443 Galateam,
483 3367 516 3426 ut
530 3360 686 3426 Doridem
699 3363 822 3442 pungat
836 3355 1066 3441 pulchritudini
1089 3377 1166 3425 suae
1188 3361 1244 3426 ob·

99 3469 288 3531 tractantem
306 3467 416 3529 contra
436 3468 575 3527 mentem
598 3462 761 3544 scriptoris
782 3465 817 3524 ut
838 3460 932 3524 nobie
954 3458 1085 3540 quidem
1106 3460 1242 3528 uidetur.

99 3567 258 3632 Nimirum
273 3585 337 3631 non
352 3565 494 3648 superbit
504 3563 641 3629 Galatea
655 3561 715 3628 feri
731 3568 763 3626 et
776 3561 952 3645 portentosi
967 3561 1119 3648 Cyclopis
1134 3583 1243 3629 amore

187 3735 211 3798 1)
229 3731 419 3787 Reuooandam
434 3746 493 3785 ense
506 3731 577 3784 hanc
589 3729 744 3784 memoriam
759 3728 794 3783 ad
809 3727 940 3784 Timaei
958 3729 1147 3784 auctoritatem
1164 3727 1244 3783 docet

99 3819 188 3888 Etym.
200 3817 237 3870 M.
256 3834 283 3886 p.
294 3820 427 3886 220‚5sq.
447 3815 490 3880 (fr.
501 3815 594 3882 3lMlz
618 3813 755 3868 Γαλατία·
773 3813 862 3887 χώρα·
881 3811 1041 3882 ὠνομάσθη,
1060 3805 1096 3865 ὥς
1114 3827 1180 3882 φησι
1201 3817 1243 3866 Τι’-

99 3921 191 3971 putot,
209 3897 264 3956 ἀπὸ
282 3897 418 3965 Γαλάτου,
437 3897 588 3953 Κύκλωπος
604 3904 650 3952 καὶ
668 3897 817 3954 Γαλατείας
833 3899 905 3966 οἱοῦ,
922 3899 970 3954 ubi
986 3915 1013 3952 u.
1032 3895 1131 3950 Slurzii
1148 3895 1241 3952 adnot.

100 3988 134 4042 cf.
149 3985 276 4044 Schneid.
286 3985 442 4040 Gallimaoh.
457 3985 484 4038 11
501 4001 528 4054 p.
541 3988 597 4041 164,
