2998 4674
275 251 338 310 306
638 251 770 318 Georgius
787 250 921 307 Ricardus
938 251 1055 306 Hollund

275 425 451 509 Cyclopem
473 430 505 490 ct
519 424 702 490 Nereidum.
742 425 804 491 Ubi
828 426 912 491 enim
935 444 1087 508 umquam
1103 425 1244 510 Neptuni
1265 423 1348 490 filius
1369 425 1413 489 lit-

274 535 359 593 teras
381 527 434 592 uel
456 526 568 610 primis
591 526 689 592 labris
711 525 841 608 attigit?
875 526 987 591 Illudit
1009 527 1152 610 profecto
1175 527 1313 593 Galatea
1327 526 1414 609 Poly·
1485 500 1486 562 3

272 627 434 712 phemum.
479 628 576 692 Mittit
597 628 768 712 epistulam
795 647 854 711 per
881 628 1080 712 petulantem
1105 629 1249 694 nuntium
1272 629 1415 693 Amorem

273 731 375 814 probe
390 731 494 796 sciens
508 750 572 795 non
587 731 822 795 intellecturum
839 730 989 796 stolidum
1012 736 1198 796 amatorem.
1232 730 1294 796 Hic
1316 737 1416 795 mmcn

272 832 485 898 laetabundus
507 833 620 918 arripit
641 832 746 916 illam,
778 833 871 915 quasi
893 834 935 898 sit
956 833 1076 898 fauoris
1099 833 1242 915 signum,
1272 853 1335 915 quo
1357 835 1415 898 lac·
1486 867 1487 894 ι

272 940 356 1001 tatos
372 934 455 1000 uidit
468 935 550 1001 alios
565 941 720 1000 amantes.
749 936 872 1001 Ansam
886 939 994 1000 autem
1009 935 1137 1000 Amoris
1152 935 1254 1002 nuntii
1269 935 1314 1001 ad
1327 934 1416 1018 Poly-

272 1035 424 1121 phemum
446 1036 619 1118 ablegaudi
646 1036 763 1101 artifex
791 1035 918 1102 uidetur
946 1037 1118 1121 sumpsisse
1148 1056 1190 1101 cx
1212 1036 1347 1103 Theocr.
1369 1057 1415 1102 uu.
1461 1063 1464 1070 ·

272 1137 316 1202 id.
330 1139 383 1220 VI,
396 1140 433 1202 31
444 1155 532 1220 sqq,
559 1142 594 1202 ut
615 1136 782 1203 adnotauit
803 1140 867 1203 iam
889 1137 1101 1204 Academicus
1124 1139 1158 1203 in
1178 1138 1268 1204 libri:
1296 1132 1341 1205 ‘le
1362 1140 1417 1221 pit-

272 1246 343 1305 ture
365 1237 494 1305 antiche
516 1231 721 1304 d'llrcolano'
741 1239 832 1306 uol.I
855 1241 962 1318 (1757)
985 1259 1017 1323 p.
1031 1244 1068 1303 51
1090 1239 1164 1305 adn.
1179 1242 1227 1303 13.
1265 1239 1417 1304 Nimirum
1487 1253 1488 1262 ¹

272 1342 361 1406 utin
384 1341 502 1407 tabulis
524 1342 571 1405 ita
593 1339 645 1406 hic
667 1342 860 1424 imaginatur
875 1341 1015 1426 Cyclops
1037 1331 1155 1407 amoris
1177 1342 1292 1406 aculeo
1315 1343 1417 1408 stimu-

271 1446 355 1510 latus
377 1443 552 1529 nympham
573 1445 700 1509 mittere
722 1445 866 1509 nuntium
888 1444 1054 1527 Amorem,
1077 1445 1132 1526 qui
1156 1445 1263 1527 potius
1285 1449 1321 1508 ut
1342 1442 1417 1507 ludi·

272 1547 342 1612 brio
365 1552 450 1613 esset
472 1545 627 1613 Galateac
651 1565 691 1610 cx
713 1551 804 1612 antro
827 1545 870 1612 ad
892 1547 967 1613 litus
990 1545 1117 1612 uidetur
1139 1545 1228 1610 illum
1253 1546 1417 1612 excitasse.
1488 1601 1489 1624 ,

355 1651 462 1732 Atque
477 1647 558 1714 haec
573 1647 703 1730 quidem
718 1647 886 1713 sufficiant.
920 1648 1077 1714 Intentins
1100 1667 1180 1730 quos
1202 1646 1299 1713 decet
1321 1647 1417 1730 inqui·
1488 1637 1489 1670 ff

271 1759 373 1818 runto.
396 1785 438 1795 --

356 1851 603 1918 Reseruauimus
617 1871 694 1916 uero
710 1849 785 1916 huic
799 1850 973 1937 appendici
995 1850 1149 1916 iudicium
1171 1850 1213 1916 de
1232 1871 1271 1917 eo
1296 1850 1419 1917 rhetore

271 1954 462 2036 laciendum,
486 1953 576 2018 cuius
598 1953 736 2017 nominis
755 1971 849 2017 omen
872 1953 1044 2019 infaustum
1066 1953 1185 2019 bellum
1209 1953 1353 2019 nondum
1376 1973 1418 2020 se·
1489 1967 1490 2032 l

271 2057 381 2123 datum
405 2055 560 2121 excitauit
580 2055 663 2118 inter
685 2054 771 2119 uiros
795 2053 920 2136 doctos,
944 2054 986 2119 de
1007 2054 1273 2121 Philostrato.
1321 2058 1419 2123 Nemo

271 2158 473 2244 exspectabit
487 2176 598 2222 omnes
612 2157 710 2221 totius
726 2155 958 2238 disquisitionis
975 2158 1115 2223 calculos
1130 2178 1190 2225 nos
1207 2158 1314 2225 denuo
1326 2160 1419 2226 colla-

270 2269 375 2345 turos,
398 2260 540 2344 quouis
563 2258 704 2342 apertior
725 2258 956 2325 subduceretur
977 2261 1069 2326 ratio.
1114 2259 1179 2326 Sed
1203 2269 1359 2342 quantum
1381 2261 1419 2326 ad

272 2363 353 2430 hanc
375 2362 518 2429 fabulam
546 2365 671 2443 spectat
693 2361 856 2444 quaestio,
887 2362 1077 2427 sententiam
1099 2362 1238 2428 feremus
1267 2364 1303 2428 id
1333 2383 1419 2449 prae-

271 2467 364 2550 cipue
379 2471 487 2531 nostro
502 2465 570 2528 iure
585 2469 728 2545 agentes,
750 2468 786 2526 ut
801 2482 884 2546 quae
906 2481 948 2527 ex
969 2463 1146 2530 litteramm
1167 2467 1325 2531 memoria
1346 2466 1418 2532 hau-

270 2568 351 2634 sisse
372 2567 474 2649 possit
495 2564 613 2648 rhetor,
637 2582 720 2646 quae
742 2583 805 2629 non
821 2564 938 2630 clarius
953 2572 1118 2648 appareat.
1158 2566 1324 2634 Describit
1338 2569 1419 2634 enim

269 2667 483 2734 Philostratus
506 2668 612 2733 senior
640 2666 758 2748 imagg.
778 2665 819 2748 Π,
839 2665 878 2728 18
907 2667 990 2732 inter
1017 2668 1099 2734 alias
1128 2668 1304 2750 imaginem
1327 2669 1418 2753 Poly·

269 2771 381 2856 phemi
403 2776 436 2836 et
453 2768 619 2851 Galateae,
642 2771 677 2832 ut
699 2767 769 2850 ipse
792 2766 871 2832 dicit
891 2769 925 2833 in
947 2771 1111 2852 prooemio
1133 2771 1166 2834 in
1189 2771 1317 2852 portien
1339 2773 1419 2838 Noa-

269 2875 414 2959 politana
427 2877 642 2954 conspectam.
675 2866 819 2950 Litigant
834 2869 895 2933 uiri
910 2869 1008 2954 docti,
1032 2878 1134 2937 utrum
1150 2890 1244 2937 ueras
1263 2872 1419 2957 imagines

269 2975 432 3043 describat
446 2972 555 3038 rhetor
576 2991 617 3036 an
640 2988 683 3035 ex
703 2971 840 3055 poeticis
861 2973 977 3054 pannis
1000 2979 1132 3039 consuat
1154 2992 1243 3039 mera
1265 2974 1418 3059 imagina-

269 3080 371 3144 tione:
395 3075 457 3143 hoc
478 3080 552 3159 post
565 3073 767 3140 Passowium
785 3072 1005 3140 demonstrare
1029 3074 1151 3141 studuit
1165 3075 1418 3143 Friedcrichsius

269 3183 400 3265 (imagg.
412 3177 597 3244 Philostrat.
614 3176 741 3259 Erlang.
754 3176 857 3260 1860),
879 3174 961 3241 illud
981 3176 1271 3260 postWelcherum
1293 3185 1417 3245 conten-

269 3283 317 3349 dit
331 3282 489 3347 Bruunius
504 3277 676 3358 (Fleckeis.
688 3276 794 3343 annal.
807 3279 870 3344 uol.
882 3278 986 3362 suppl.
999 3279 1044 3343 IV
1054 3299 1086 3363 p.
1096 3282 1156 3344 179
1164 3281 1257 3362 sqq-l·
1293 3281 1418 3347 Tertius

269 3386 393 3451 exstitit
413 3382 635 3465 suffragiorum
659 3381 810 3465 princeps
832 3378 1015 3447 Fridcrious
1033 3381 1118 3447 Matz
1141 3382 1194 3461 (do
1211 3380 1416 3449 Philostrato-

268 3504 339 3550 rum
354 3485 387 3548 in
403 3482 624 3550 describendis
639 3482 833 3564 imaginibus
848 3481 923 3566 fide,
945 3483 1077 3549 Bonnae
1092 3485 1186 3559 1867)
1197 3486 1228 3568 ¹),
1251 3487 1307 3567 qui
1324 3504 1416 3569 quae·

269 3589 405 3654 stionem
433 3583 583 3649 distincte
613 3584 783 3650 diiudicari
817 3604 912 3668 posse
943 3603 1066 3668 negans
1094 3606 1225 3652 auream
1257 3586 1416 3669 quandam

269 3688 523 3766 mediocritatem
545 3690 633 3748 tenet
653 3686 705 3760 (cl.
725 3685 842 3752 Philol.
865 3688 928 3752 nol.
941 3685 1055 3751 XXXI
1076 3707 1107 3771 p.
1122 3690 1205 3767 628).
1249 3687 1322 3754 Hoc
1342 3706 1417 3753 uero

268 3793 445 3859 rectissime
472 3785 630 3870 flagitarit
657 3784 787 3862 (Philol.
810 3788 830 3853 l.
844 3789 866 3853 l.
888 3810 919 3872 p.
934 3791 996 3852 586
1008 3789 1084 3872 sq),
1112 3795 1148 3855 ut
1173 3791 1206 3855 in
1228 3807 1416 3873 unaquaque

339 3943 363 4006 1)
380 3940 424 3993 Ad
435 3937 510 3994 hunc
522 3937 671 4004 relegamus
685 3935 849 4004 quicumque
861 3936 1029 3993 diuersarum
1046 3939 1164 4006 partium
1181 3940 1301 3996 asseclas
1320 3954 1416 4008 cogno·

268 4040 344 4080 scere
361 4023 433 4090 uult,
450 4040 477 4092 p.
492 4029 567 4091 lsqq.
