3028 4672
234 241 295 298 156
468 303 472 312 ,
598 240 729 308 Georgius
747 239 881 295 Ricardus
899 239 1017 295 Holland

232 415 393 498 respicere
415 418 522 496 potest
543 413 653 479 titulus
675 410 933 498 Epicharmeus?
976 412 1090 477 Nonne
1113 412 1248 495 cogitari
1276 420 1387 496 potest

232 511 382 597 Κύκλωψ
402 501 612 596 ἢὈὁοσσετ“·ς
626 511 793 596 ναοαγόςῖ
825 514 899 579 Non
914 513 1096 578 consuimus
1111 514 1263 597 imparia:
1287 535 1386 598 copu-

232 616 315 682 latos
338 635 408 682 esse
424 615 601 698 Cyclopem
623 623 655 680 et
676 616 866 698 naufragum
882 614 1012 680 Ulixem
1034 620 1142 681 nostro
1163 616 1232 680 iure
1255 616 1385 682 conclu-

232 716 337 781 dimus
360 735 401 782 ex
423 717 541 799 insigni
556 716 673 782 Athen.
696 718 767 783 loco
790 717 806 780 I
827 736 858 799 p.
874 716 1006 799 wiso:
1031 711 1092 789 τὰς
1115 713 1151 779 δὲ
1172 715 1386 803 κιθαρῳδίας

231 819 287 894 (so.
303 813 533 899 ἐθαυμάζοντο
549 814 760 899 μιμούμενοι)
783 815 815 881 οἱ
831 816 912 902 περὶ
932 812 991 880 τὸν
1010 812 1046 892 ἒξ
1061 809 1204 893 Ἰταλίας
1220 813 1385 898 Οἰνωνᾶτ,

231 915 269 994 ὃς
290 918 347 983 καί
369 916 540 982 Κύκλωπα
563 916 716 1003 εἰσήγαγε
743 915 948 1004 τερετίζοντα
975 918 1031 982 καὶ
1058 915 1202 1002 ναυαγὸν
1220 909 1386 983 Ὀδυσσέα

232 1017 476 1100 σολοικίζοντα,
506 1015 524 1086 0‘
549 1012 648 1096 αὐτός
671 1040 755 1107 φησι
785 1023 840 1098 (sc.
863 1011 1121 1103 Ἀριστόξενος),
1152 1040 1247 1104 quem
1276 1022 1385 1087 locum

231 1128 345 1206 postea
366 1123 399 1186 in
422 1141 513 1187 usum
531 1129 674 1189 nostrum
689 1127 858 1188 certemus.
895 1122 1090 1204 Fragmenta
1105 1128 1211 1188 autem
1224 1123 1385 1206 Naufragi

233 1224 354 1305 optime
370 1225 571 1289 conueniunt.
609 1224 756 1290 Potuisse
772 1224 857 1288 enim
873 1223 950 1288 mali
970 1229 1096 1307 partem
1118 1223 1301 1290 inferiorem
1323 1214 1385 1308 ὀρ-

231 1320 319 1399 dtu}
337 1325 371 1388 in
385 1325 552 1408 naufragio
569 1326 812 1391 commemorari
826 1344 920 1390 nemo
935 1325 1076 1407 negabit,
1099 1323 1159 1391 sed
1171 1345 1385 1408 unumquem-

231 1443 294 1507 que
316 1424 379 1490 hoc
400 1426 585 1492 admonebit
606 1428 741 1510 periculi
764 1426 850 1492 illius
873 1426 988 1508 Ulixis,
1015 1446 1088 1492 cum
1111 1427 1219 1492 carina
1242 1433 1274 1492 et
1295 1427 1385 1494 malo

231 1525 407 1593 coniunctis
422 1528 465 1592 ad
480 1529 616 1594 insulam
633 1529 792 1612 Calypsus
811 1529 945 1593 ferretur
961 1526 1020 1593 Od.
1033 1527 1107 1610 XII,
1119 1529 1181 1591 420
1190 1547 1259 1610 sqq.
1293 1529 1384 1594 Nan-

232 1626 380 1694 oisoimu'r
394 1635 502 1695 autem
519 1633 620 1697 altero
635 1632 813 1714 fragmento
830 1649 949 1695 nouum
970 1628 1130 1710 quendam
1145 1629 1189 1694 ad
1204 1629 1385 1714 Cyclopem

231 1728 478 1797 describendum
495 1733 644 1798 colorem.
678 1732 830 1798 Succedit
845 1731 930 1796 enim
946 1730 1047 1797 oculis
1063 1731 1170 1813 imago
1185 1731 1385 1815 Polyphemi

230 1831 373 1913 pecudes
404 1832 549 1899 ducentis
580 1841 612 1899 et
640 1828 884 1916 donocharitatis
915 1831 945 1896 h.
970 1851 997 1896 e.
1027 1837 1155 1896 cantum
1184 1833 1385 1914 pastoralem

232 1934 392 2016 canentis,
422 1932 557 1998 fortasse
579 1932 687 1999 fistula
708 1935 882 2016 cantantis,
912 1935 940 1999 si
963 1930 1026 1997 huc
1048 1932 1166 1997 referre
1194 1933 1273 1998 licet
1293 1935 1385 2016 quod

232 2031 372 2100 editores
394 2035 477 2100 inter
498 2035 619 2100 incerta
641 2035 821 2118 fragmenta
843 2039 1029 2099 enumerant
1050 2033 1182 2100 Lorenz.
1204 2034 1241 2098 fr.
1259 2038 1290 2097 B
1304 2037 1385 2100 130:

231 2133 353 2201 Polluc.
368 2135 423 2219 IV,
437 2138 492 2200 56:
526 2136 581 2200 καὶ
605 2132 733 2220 ἒροτικὰ
756 2133 795 2221 δή
818 2126 884 2200 τιν’
909 2126 1084 2220 αὐλήματα
1105 2134 1163 2198 καὶ
1184 2133 1383 2217 recuperaret·

225 2224 426 2322 Ἐπίχαρμος
442 2234 548 2302 δὲκαὶ
564 2234 922 2321 corporalitatum
942 2226 1124 2300 αὖλοῑσθαί
1139 2256 1251 2322 φησιν.
1285 2237 1385 2315 Quod

230 2338 258 2402 si
281 2356 392 2403 uerum
413 2344 477 2428 est,
508 2340 573 2404 iam
595 2341 693 2424 paulo
717 2341 940 2424 expolitiorem
963 2335 1118 2404 habemus
1139 2341 1279 2422 pastoris
1300 2341 1383 2405 ima-

229 2439 338 2521 ginem
367 2459 463 2521 quam
492 2460 575 2522 quae
603 2441 691 2525 apud
718 2442 893 2507 Homerum
922 2439 1150 2523 conspiciatur,
1180 2441 1237 2505 ubi
1265 2441 1383 2525 ingens

231 2540 330 2622 opilio
354 2538 463 2623 πολλῇ
486 2538 585 2624 ῥοίζῳ
613 2562 729 2625 greges
752 2542 795 2606 ad
816 2546 957 2606 montem
979 2541 1102 2622 agitare
1126 2533 1242 2608 dicitur
1263 2563 1294 2607 u.
1308 2546 1382 2609 315.

229 2640 437 2724 Defenditur,
460 2662 524 2707 non
546 2641 674 2707 fulcitur
696 2644 854 2708 sententia
875 2647 984 2708 nostra
1006 2661 1060 2725 eo,
1089 2641 1175 2723 quod
1196 2643 1279 2710 alias
1302 2663 1382 2726 quo·

230 2762 292 2826 que
315 2741 501 2827 Epicharmi
523 2743 649 2808 fabulas
672 2743 795 2826 duplici
817 2743 909 2808 titulo
937 2743 1035 2808 fuisse
1057 2743 1226 2827 inscriptas
1249 2746 1305 2826 qui
1327 2765 1383 2811 co·

229 2845 429 2911 moediarum
459 2845 575 2910 seriem
603 2845 761 2928 percurrit
786 2844 883 2910 facile
910 2844 1136 2910 animaduertit
1165 2845 1203 2910 cf.
1222 2833 1383 2930 Ἐλπὶςῆ

228 2946 382 3020 Πλοῦτος
404 2946 531 3024 (Athen.
544 2947 589 3012 VI
610 2966 642 3029 p.
656 2948 717 3010 235
730 2945 769 3028 f.;
799 2944 918 3010 Herod.
941 2966 979 3007 ττ.
995 2967 1068 3026 μον.
1084 2942 1149 3020 tat.
1172 2965 1203 3030 p.
1216 2949 1317 3029 21,13
1330 2967 1382 3030 sq.

228 3047 355 3132 Lehrs.;
373 3048 478 3114 Behk.
491 3047 602 3114 anecd.
615 3047 669 3112 Gr.
681 3048 707 3129 Ι,
719 3049 802 3130 105),
818 3046 1005 3127 Κωμασταὶ
1019 3033 1040 3128 ἢ
1056 3036 1244 3132 Ἅφαιστος
1257 3047 1380 3130 (Apoll.

227 3150 326 3232 Dysc.
343 3150 384 3216 de
399 3171 489 3235 pron.
508 3171 540 3234 p.
555 3154 605 3233 75,
618 3153 637 3214 3
649 3169 695 3232 sq.
711 3146 819 3224 Schn.)
826 3149 857 3225 ¹).
895 3148 994 3214 Porro
1016 3168 1081 3213 non
1102 3149 1288 3232 prorsusnin
1310 3169 1383 3215 cas-

229 3269 299 3316 sum
321 3252 500 3318 coniectare
529 3253 623 3318 nobis
652 3251 814 3334 uidemur,
843 3251 871 3317 si
898 3247 1127 3334 philosophum
1148 3248 1381 3332 Epicharmum

229 3371 293 3417 non
315 3353 419 3417 minus
442 3353 517 3420 huic
540 3352 727 3420 comoediae
743 3372 839 3435 quam
862 3352 976 3417 ceteris
999 3348 1208 3418 admiscuisse
1229 3356 1384 3434 putamus

229 3457 322 3535 aptas
348 3451 505 3535 quasdam
532 3454 791 3520 ratiocinationes
820 3451 1061 3536 philosophicas
1089 3453 1278 3535 praesertim
1306 3472 1380 3519 sen-

229 3553 337 3619 tentiis
359 3552 510 3619 breuibus
532 3555 681 3638 inclusas,
705 3555 817 3638 quales
840 3572 912 3619 cum
935 3551 1123 3620 adhibuisse
1144 3557 1279 3619 testatur
1300 3573 1379 3620 ano-

228 3676 315 3740 nym.
332 3654 372 3720 de
389 3674 468 3720 com.
485 3655 671 3738 111‚arsq.:
701 3655 741 3738 τῇ
765 3651 800 3717 δὲ
823 3651 959 3740 ποιήσει
981 3649 1185 3737 γτωμικὸς
1206 3653 1261 3717 καὶ
1286 3647 1382 3740 εὗρε-

228 3754 319 3833 τικὸς
339 3755 394 3820 καὶ
418 3751 621 3841 φιλότεχνος.
667 3755 894 3822 (ioncludimus
925 3762 1031 3822 autem
1059 3754 1121 3821 hoc
1149 3775 1191 3821 ex
1212 3755 1379 3840 Euripidis

317 3912 340 3974 i)
360 3903 526 3972 Φιλοκτήτης
544 3899 560 3971 ἢ
576 3900 717 3959 Ὀδυσσεὺς
735 3902 901 3974 advinctus?
926 3904 959 3959 cf.
971 3903 1277 3960 Welckcr.Mus.Rh.1
1289 3907 1385 3970 (1833)

224 4009 251 4062 p.
263 3996 312 4046 588
321 3992 413 4047 adnot.
