2998 4674
264 243 303 303 27
307 245 326 301 6
628 237 758 306 Georgius
775 235 910 292 Ricardus
927 235 1045 292 Hollaud

263 436 326 500 que
349 419 381 480 et
403 413 539 478 fortasse
560 409 748 494 Euripidem
771 412 818 476 ita
838 416 959 494 tamen,
989 416 1024 475 ut
1044 429 1110 476 non
1130 411 1271 493 liqueat,
1294 411 1417 496 quihus

263 519 297 582 in
312 514 407 581 rebus
422 515 492 598 ipse
506 510 550 577 ad
565 510 624 578 hos
639 511 830 594 ascenderit,
849 531 928 594 quas
943 511 1172 578 Alexandrinis
1187 512 1418 578 intercedenti·

263 619 323 684 hus
338 615 509 698 acceperit.
547 613 702 696 Congruit
715 612 777 679 hoe
791 611 945 679 iudicium
968 633 1040 679 cum
1062 615 1113 697 iis,
1136 633 1218 696 quae
1240 613 1349 680 adhuc
1371 614 1417 680 de

264 719 374 787 Ouidii
402 714 702 799 metamorphoseon
725 714 866 780 fontibus
895 714 1110 796 peculiaribus
1133 714 1418 798 disquisitionibus

262 822 306 890 ad
335 820 477 904 singulas
504 819 630 883 fabulas
660 816 876 900 spectantibus
907 817 1101 901 inuestigata
1126 824 1198 883 sunt
1227 818 1266 882 cl.
1291 837 1343 884 ex.
1365 839 1417 901 gr.

263 923 391 990 Surber.
422 921 463 986 de
491 920 601 986 fabula
622 918 822 1000 Meleagrea,
852 917 961 983 'Parioi
985 920 1067 982 1880
1091 938 1124 1002 p.
1139 922 1209 982 124.
1244 919 1285 984 oi.
1308 939 1342 1003 p.
1357 923 1417 1002 133

262 1024 426 1092 Knaaek.:
449 1022 543 1088 Anal.
559 1017 841 1085 Alexandr-Rom.
862 1038 894 1102 p.
907 1020 1041 1102 53sqq.;
1068 1024 1101 1084 et
1122 1038 1205 1101 quae
1227 1021 1261 1084 in
1284 1022 1418 1087 uniuer-

263 1147 333 1193 sum
355 1129 442 1191 recte
464 1121 642 1206 disputauit
663 1118 848 1186 Alexander
870 1120 966 1186 Riese
988 1120 1088 1205 praei.
1105 1120 1180 1186 edit.
1204 1141 1236 1206 p.
1248 1121 1295 1187 VI
1306 1143 1354 1208 sq.

733 1341 934 1352 ——-—.—-—-

636 1579 639 1586 ·
737 1525 862 1603 (larun
886 1525 934 1599 X.

585 1676 645 1754 De
671 1679 789 1755 ultera
813 1675 929 1780 mytho
944 1678 1080 1775 formo.

348 1835 434 1902 Casu
455 1839 505 1900 sat
523 1834 604 1914 miro
620 1832 747 1914 accidit,
770 1832 857 1914 qnod
878 1830 955 1898 inde
976 1832 1018 1898 ab
1034 1831 1144 1899 Ouidii
1165 1851 1247 1898 aeuo
1269 1836 1417 1919 uestigia

263 1940 332 2006 eius
347 1934 452 2020 mythi
467 1935 598 2018 formae,
622 1953 664 2000 ex
678 1953 742 2016 qua
759 1934 922 2018 repulsam
943 1934 1005 1999 lert
1025 1953 1136 2000 amans
1152 1934 1302 2020 Cyclops,
1325 1957 1417 2005 rare-
1439 1935 1443 1942 “

263 2044 365 2123 scunt,
387 2042 498 2105 contra
512 2037 609 2121 plena
624 2041 810 2119 comparent
824 2054 883 2101 nee
898 2036 993 2100 nimis
1008 2054 1107 2118 parca
1123 2037 1254 2103 alterius
1276 2038 1416 2124 formae,

263 2159 392 2226 exque
418 2137 582 2223 nymphae
611 2137 754 2220 fauorem
783 2138 847 2204 sibi
874 2136 1033 2202 conciliat.
1077 2135 1180 2215 Quam
1209 2139 1250 2204 oh
1279 2161 1416 2207 causam

262 2244 367 2312 satius
378 2241 528 2308 duximus
544 2239 597 2309 hio
612 2241 814 2324 interponere
832 2237 927 2304 huius
949 2238 996 2303 rei
1018 2238 1284 2322 disquisitionem,
1307 2243 1412 2326 prius-

262 2366 359 2430 quam
374 2351 497 2411 ceteras
511 2343 775 2428 perlustraremus
790 2341 984 2407 imitationes
1000 2347 1144 2424 temporo
1160 2349 1308 2426 exparte
1324 2345 1411 2426 prio·

262 2466 324 2529 res,
346 2447 478 2511 uiliores
499 2445 613 2530 pretio.
650 2445 776 2510 Primus
791 2449 897 2508 autem
915 2442 1164 2526 discrepantiam
1187 2443 1323 2510 duarum
1345 2444 1413 2512 for·

263 2567 386 2614 marum
406 2545 556 2612 distincte
573 2543 714 2610 ostendit
728 2544 989 2626 Wollgangus
1004 2543 1154 2628 Helbig
1176 2547 1278 2629 symb.
1294 2546 1413 2629 philol.
1494 2577 1495 2580 ¹

262 2649 364 2716 Bonn.
387 2666 418 2731 p.
433 2650 569 2728 361sqq.
591 2665 613 2709 a
633 2645 821 2729 scriptorum
844 2646 1034 2712 testimoniis
1055 2647 1215 2728 profectus
1236 2647 1414 2716 artificum·
1494 2659 1495 2670 ¹

263 2770 326 2835 que
341 2769 441 2834 opera
455 2745 629 2814 secundum
644 2747 734 2812 illam
745 2746 959 2812 differentiam
974 2766 1142 2814 recensens
1157 2754 1190 2815 et
1204 2747 1413 2835 discemens;

261 2853 392 2921 breuius
409 2849 544 2918 eandem
562 2868 630 2915 rem
652 2848 781 2932 repetiit
801 2848 876 2913 libri
891 2847 932 2913 de
946 2849 1022 2930 pict.
1039 2849 1151 2932 pariet.
1164 2849 1275 2934 Camp.
1299 2855 1414 2920 multis

261 2958 353 3039 locis,
376 2953 550 3039 praecipue
571 2971 602 3034 p.
617 2952 686 3014 197.
723 2949 887 3014 Immerito
909 2968 982 3014 eum
1004 2949 1067 3016 huc
1088 2952 1224 3017 traxisse
1242 2952 1414 3021 Theocriti

263 3056 409 3139 eclogam
424 3057 470 3123 VI
491 3073 588 3138 supra
608 3071 639 3136 p.
653 3053 771 3134 lllsq.
793 3052 982 3118 monuimus.
1025 3053 1153 3118 Euincit
1173 3073 1241 3118 rem
1262 3055 1412 3138 Nonnus,

264 3158 319 3238 qui
334 3158 454 3239 passim
469 3158 502 3222 in
517 3154 784 3236 Dionysiaeorum
798 3154 890 3220 libris
904 3153 1098 3238 Polyphemi
1114 3162 1145 3220 et
1160 3154 1316 3224 Galateae
1336 3179 1412 3225 con-

264 3258 373 3340 iugum
385 3260 579 3325 mentionem
593 3249 692 3320 inicit.
719 3256 855 3321 Exstant
867 3262 974 3321 autern
986 3257 1124 3339 uestigia
1136 3259 1170 3323 in
1181 3259 1277 3325 altius
1290 3280 1410 3326 aeuum

263 3367 425 3442 porrecta,
448 3365 483 3424 ut
504 3357 664 3442 Propertii
686 3375 796 3423 uersus
818 3357 873 3440 lV,
889 3362 915 3440 1,
929 3362 1025 3439 Absq.
1041 3357 1076 3422 L.
1100 3358 1169 3441 (III,
1182 3362 1211 3443 2,
1224 3363 1329 3443 5sq.):

392 3461 604 3543 quinetiam,
627 3457 843 3543 Polypheme,
865 3460 934 3525 fera
955 3458 1092 3526 Galatea
1114 3461 1172 3526 sub
1194 3461 1300 3527 Aetna

392 3560 435 3624 ad
455 3566 510 3626 tua
531 3567 674 3626 rorantes
697 3561 838 3626 carmina
859 3560 950 3627 flexit
971 3580 1080 3643 equos.

265 3659 333 3728 Sed
348 3659 496 3727 uidentur
510 3662 602 3727 nohis
617 3662 652 3727 hi
666 3681 777 3729 uersus
792 3663 895 3728 minus
910 3669 1093 3748 poematum
1114 3682 1210 3745 quam
1232 3667 1309 3732 artis
1332 3685 1408 3750 ope·
1493 3711 1494 3730 .

264 3785 334 3829 rum
362 3762 548 3830 memoriam
575 3760 712 3846 prodero
740 3769 870 3848 propter
897 3765 1071 3830 rorantium
1100 3785 1251 3848 equorum
1281 3767 1408 3851 insigne

265 3867 371 3931 simile
393 3864 571 3950 delphinis,
601 3863 790 3946 quibuscum
811 3885 938 3949 semper
965 3867 1032 3932 lere
1055 3865 1191 3933 Galatea
1218 3867 1252 3931 in
1272 3869 1407 3951 picturis

265 3975 436 4050 comparet.
480 3967 550 4035 Nec
578 3967 712 4031 multum
741 3967 887 4032 iuuamur
914 3968 1057 4053 Appiani
1080 3969 1208 4050 Illyri
1235 3969 1404 4036 memoria:
1491 4049 1492 4060 χ
