3028 4672
283 273 343 332 148
641 271 772 340 Georgius
790 270 922 326 Ricardus
940 270 1059 326 Holland

279 465 383 528 neque
398 446 495 528 plane
509 440 648 510 insulsus
664 445 752 510 iocus
769 445 915 525 quamuis
931 443 1204 527 sanguinolentus,
1221 460 1285 523 quo
1301 440 1437 506 xenium

280 545 401 628 hospiti
423 546 581 630 promittit
602 547 664 610 369
674 564 739 627 sq:

390 645 492 726 Οὖτιν
515 655 577 745 ἐγώ
600 658 756 744 πύματον
780 659 899 743 >ε’ὄομοι
920 657 1004 743 μετὰ
1028 659 1079 736 οἷς
1101 645 1284 744 ἑτάροισιν,

384 759 462 837 τοὺς
486 753 518 825 d'
539 755 659 838 ἄλλους
681 761 854 847 πρόσθεν·
877 757 914 826 τὸ
941 758 977 825 δέ
999 783 1052 827 τοι
1075 758 1217 846 ξεινήιον
1241 757 1352 840 ἔσται,

279 879 365 948 unde
387 882 592 964 prouerbium
614 880 696 946 illud
716 877 903 956 Κύκλωπος
919 872 1027 964 δωρεά
1049 880 1172 963 (Apost.
1189 879 1231 961 X,
1247 881 1331 961 20a3
1354 879 1435 945 Luc.

280 983 397 1065 catapl.
412 983 462 1060 14)
484 982 539 1047 uel
553 979 771 1048 Κοκλώιιειον
789 984 886 1065 γέρας
904 982 998 1061 (Plut.
1011 987 1132 1063 quaest.
1146 1001 1249 1064 symp.
1257 981 1344 1062 VIII,
1357 982 1387 1063 8,
1403 983 1435 1056 3)

279 1082 491 1167 repetendum
507 1102 578 1150 esse
600 1089 739 1150 constat:
763 1083 803 1148 de
828 1084 912 1149 dono
934 1084 1054 1164 aliquo,
1078 1082 1164 1163 quod
1187 1082 1217 1146 ei
1241 1081 1296 1163 qui
1318 1101 1435 1164 aceep-

280 1190 368 1250 turus
385 1189 434 1250 est
451 1203 492 1249 ne
510 1184 636 1250 tantillo
658 1185 787 1266 quidem
808 1186 881 1268 plus
902 1184 1050 1250 utilitatis
1071 1182 1165 1248 affert
1188 1203 1284 1264 quarn
1307 1183 1354 1248 eis
1377 1184 1435 1265 qui

281 1291 430 1368 expertes
446 1290 527 1368 sunt,
543 1304 780 1367 nonnumquam
797 1287 900 1351 maius
913 1284 1063 1350 damnum
1075 1285 1126 1362 (ef.
1139 1284 1222 1348 Plut.
1235 1284 1256 1347 l.
1265 1283 1308 1361 1.).
1338 1284 1433 1367 Nam,

279 1393 315 1452 ut
335 1386 496 1452 Lucienus
519 1386 671 1471 explicat,
695 1379 735 1450 ἅν
748 1409 785 1450 τε
800 1388 935 1470 πρῶτον
959 1379 999 1450 ἄν
1017 1408 1055 1450 τε
1076 1383 1231 1468 πύματον
1254 1385 1309 1462 (sc.
1331 1368 1434 1448 Οὖτιν

279 1485 454 1551 κατέδεται
476 1481 671 1570 ὃΚύκλωψ)
700 1486 734 1552 οἱ
757 1479 853 1552 αὐτοὶ
882 1479 1016 1562 ὀδόντες
1045 1489 1291 1571 περιμένουσιν.
1337 1485 1434 1564 Quod

280 1593 387 1655 tamen
409 1588 445 1654 fit
467 1589 500 1654 in
521 1588 656 1655 rudibus
677 1588 871 1673 hominibus,
895 1610 974 1672 quos
993 1591 1106 1655 robore
1122 1608 1216 1654 nemo
1232 1589 1433 1672 aequiperat,

280 1697 316 1756 ut
337 1691 448 1756 fauore
471 1690 614 1773 aliquem
634 1697 867 1773 prosequantur
888 1697 1032 1774 paterno,
1056 1710 1095 1756 ea
1116 1691 1234 1755 uirtute
1255 1709 1296 1753 ne
1316 1689 1433 1772 Cyclo-

279 1811 354 1875 pem
377 1791 508 1872 quidem
526 1791 673 1856 uidemus
689 1811 807 1873 carere,
831 1793 951 1874 quippe
968 1794 1023 1874 qui
1038 1792 1280 1858 intentissimam
1300 1793 1433 1856 tenerri-

280 1909 428 1972 mamque
449 1907 584 1974 gregum
605 1911 735 1957 suorum
757 1912 865 1957 euram
888 1892 1014 1959 habeat.
1052 1893 1227 1959 Consueuit
1247 1897 1283 1956 ut
1304 1891 1435 1957 uidetur

282 1992 422 2073 colloqui
450 2010 522 2056 cum
550 1991 727 2074 pecudibus
756 1995 839 2075 suis,
870 1995 971 2059 ueluti
998 1993 1099 2059 flebili
1127 1993 1224 2059 modo
1253 1994 1434 2059 misericor·

281 2092 369 2158 diam
391 2093 455 2158 nisi
470 2091 610 2176 Gyelops
634 2100 719 2159 esset
740 2100 864 2159 moturo
887 2095 981 2159 arieti
1003 2111 1086 2177 quae
1107 2115 1221 2180 passus
1243 2095 1284 2159 sit
1299 2097 1435 2179 exponit

281 2197 343 2257 447
353 2213 422 2276 sqq.
447 2213 583 2276 eumque
606 2194 726 2260 domini
749 2196 903 2261 iacturam
929 2196 1046 2262 sentire
1074 2200 1107 2260 et
1134 2193 1252 2260 deflere
1284 2197 1433 2278 opinatur

281 2297 425 2377 452sqq.
455 2294 542 2372 (uide
571 2297 668 2361 etiam
691 2297 866 2380 pretiosum
889 2296 1044 2363 scholium
1066 2316 1095 2361 u.
1113 2298 1196 2372 456).
1240 2297 1303 2361 Per
1330 2303 1434 2362 totam

281 2401 388 2461 autem
404 2398 617 2463 narrationem
638 2403 674 2462 ut
695 2418 754 2482 par
777 2404 825 2464 est
848 2399 941 2482 epioa
962 2397 1144 2463 dominatur
1166 2398 1308 2480 grauitas
1330 2418 1369 2463 ac
1391 2419 1433 2464 ne

281 2496 365 2561 mica
388 2496 519 2577 quidem
540 2497 686 2563 admixta
714 2499 846 2565 leuioris
867 2501 921 2565 uel
943 2499 1086 2564 comicae
1114 2498 1192 2563 artis
1206 2498 1244 2574 1);
1273 2498 1434 2582 pallidum

281 2616 434 2680 pauorem
455 2599 608 2681 importat
628 2599 752 2665 bestiae
775 2600 929 2683 impetus,
952 2619 1056 2681 neque
1079 2599 1122 2680 is,
1147 2599 1201 2680 qui
1225 2600 1358 2664 Troiam
1382 2622 1434 2668 ce·

174 2699 182 2711 '
281 2703 389 2781 perat,
418 2719 544 2782 semper
565 2701 681 2765 retinet
702 2700 844 2764 animum
867 2700 905 2766 ci.
929 2702 1000 2765 236.
1024 2701 1102 2781 396,
1133 2718 1226 2781 quem
1249 2701 1353 2767 socios
1377 2702 1433 2768 de·

280 2798 396 2865 fecisse
418 2798 470 2865 his
493 2819 534 2864 ex
555 2801 701 2867 uersibus
717 2806 866 2885 apparet:
891 2804 948 2866 331
961 2821 1030 2884 sqq.
1056 2804 1116 2865 376
1125 2819 1172 2882 sq.
1196 2802 1268 2864 381.
1291 2805 1433 2886 492sqq.

366 2900 457 2966 Haec
479 2899 672 2984 Polyphemi
695 2921 834 2986 persona
860 2922 919 2986 per
947 2908 1046 2968 totam
1076 2908 1264 2984 sequentem
1292 2910 1436 2970 aetatem

281 3002 374 3085 quasi
396 3001 598 3069 adumbratio
621 3005 750 3069 suberat
773 3004 873 3069 cuiuis
903 3005 1063 3087 picturae,
1095 3023 1159 3086 qua
1187 3002 1301 3069 eadem
1330 3003 1437 3088 figura

280 3109 583 3188 repraesentaretur.
621 3103 756 3187 Singula
777 3123 855 3169 uero
879 3104 1074 3170 lineamenta
1096 3105 1172 3170 licet
1194 3104 1355 3170 interdum
1378 3106 1435 3172 de-

279 3204 423 3270 lituerint
437 3206 534 3289 plane
552 3210 747 3271 euanuerunt
761 3224 933 3288 numquam
949 3205 1022 3272 aliis
1037 3207 1120 3292 alius
1142 3207 1216 3272 aeui
1237 3208 1343 3290 poetis
1366 3209 1434 3274 alio

281 3305 385 3386 magis
408 3306 633 3372 inclinantibus
655 3305 708 3371 hio
731 3304 972 3372 detrahentibus
995 3307 1063 3372 illic
1084 3306 1298 3373 adicientibus
1317 3311 1434 3392 ampli-

279 3403 407 3471 ficando
423 3404 476 3472 hic
491 3407 559 3472 illic
574 3405 745 3472 minuendo
761 3406 812 3483 (cf.
830 3407 927 3472 etiam
940 3406 1082 3473 Glaeser.
1099 3408 1119 3471 l.
1129 3408 1149 3470 l.
1168 3429 1199 3490 p.
1214 3408 1312 3490 4sq.).
1343 3408 1433 3487 Quas

281 3504 413 3588 quidem
437 3506 634 3588 singulorum
657 3513 689 3573 et
709 3513 877 3591 poetarum
905 3513 937 3573 et
964 3507 1072 3590 poesis
1102 3527 1256 3590 generum
1283 3512 1433 3595 proprias

281 3606 422 3673 rationes
436 3606 478 3672 ab
493 3606 632 3674 Homero
650 3608 888 3692 proficiscentes
904 3614 1057 3691 quantum
1072 3610 1247 3693 poterimus
1270 3610 1432 3678 illustrare

281 3727 501 3792 susorpremus.

369 3912 394 3976 1)
411 3907 573 3964 Welokerus
592 3908 625 3964 de
633 3907 801 3976 'Epicharmo
820 3910 891 3978 op.I
908 3925 934 3978 p.
946 3912 994 3964 321
1013 3908 1067 3963 iam
1084 3909 1114 3964 in
1127 3908 1249 3978 Odyssea
1266 3909 1432 3965 hilaritatem

280 4008 336 4049 non
352 3992 392 4048 ita
408 3993 523 4048 multum
540 4008 557 4047 a
575 3991 714 4048 comoedia
732 3992 876 4048 distantem
894 3993 1024 4062 agnoscit.
