2998 4674
421 281 424 287 ,
463 245 506 299 Dc
523 245 686 314 Polyphemo
704 252 732 301 et
749 247 870 302 Galatea.
1098 281 1101 290 ·
1179 246 1238 304 261

98 422 240 488 tudinem
255 442 327 487 cum
344 423 428 488 malo
452 426 668 506 comparatam
691 419 750 487 Ou.
765 425 843 486 783:
863 415 1033 488 ‘antemnis
1048 428 1126 505 apta
1139 421 1240 488 feren-

20 531 22 612 ]
97 515 158 591 dis'
184 524 279 590 Hom.
296 522 356 590 Od.
369 525 427 608 IX,
444 527 502 589 321
513 545 582 609 sqq.
620 526 739 593 Versus
761 531 869 590 antem
891 523 1069 591 Ouidianus
1085 529 1163 589 771:

20 619 22 678 Ῑ
137 627 290 694 Telemus
312 625 520 712 Eurymides,
544 647 639 711 quem
660 629 749 694 nnlla
770 628 929 694 fefellerat
949 627 1034 709 ales,

20 761 21 792 2
96 730 284 796 memoriam
305 729 422 814 repetit
444 728 565 796 heroici
588 733 665 795 509:

20 855 21 916 j
134 826 292 916 Τήλεμος
308 821 509 916 Εὐρυμίδης,
532 827 570 907 ὃς
591 827 778 916 μαντοσύνῃ
801 827 953 894 ἐκέκαστο
978 829 1241 914 (Wash.p.128).

96 932 233 999 Omnino
247 934 409 1016 nonnulla,
433 953 515 1017 quae
537 933 581 999 ad
600 940 725 1000 uastum
740 933 892 1018 Cyclopis
914 933 1049 998 formam
1071 934 1241 1019 pertinent,

21 1033 22 1072 ³
96 1038 188 1120 epioe
209 1043 344 1121 accepta
365 1037 462 1103 refert
482 1042 579 1120 poeta
600 1038 778 1120 Romamne,
808 1037 908 1103 ueluti
936 1056 1009 1101 cum
1037 1036 1128 1100 illum
1157 1038 1241 1102 iacu-

95 1141 214 1204 lantem
237 1139 314 1204 facit
341 1131 478 1222 ‘partem
502 1146 648 1206 emente
670 1129 845 1206 reuulsam'
864 1160 894 1205 u.
911 1140 973 1202 882
996 1140 1048 1216 (cf.
1063 1145 1138 1204 met.
1154 1139 1241 1225 XIV,

20 1261 21 1268 ¹
98 1243 264 1325 18lsqq.)‚
295 1259 378 1324 qnae
409 1247 457 1307 est
484 1236 610 1326 κορυφὴ
636 1233 730 1326 ὄρεος
752 1238 909 1324 μεγάλοιο
932 1240 1026 1306 Hom.
1043 1242 1122 1325 481,
1153 1243 1243 1310 cuius

21 1379 22 1414 t
95 1350 257 1408 extremus
273 1343 407 1425 angulus
427 1341 544 1409 sufficit
566 1342 609 1408 ad
623 1342 717 1409 Aoim
740 1343 948 1426 obruendum,
971 1362 1042 1408 eum
1065 1342 1153 1426 apnd
1176 1347 1242 1429 epi-

96 1467 165 1512 cum
182 1447 252 1529 ipso
268 1445 388 1530 impetu
410 1447 482 1512 saxi
504 1447 536 1510 in
558 1445 660 1512 undas
682 1444 861 1511 decidentis
883 1443 975 1509 nauis
997 1443 1039 1508 ad
1061 1446 1136 1512 litus
1159 1446 1242 1513 redi-

21 1563 22 1627 ]
95 1555 189 1632 gatur
212 1547 272 1615 Od.
287 1549 346 1631 IX,
362 1551 424 1612 484
434 1568 503 1630 sqq.

180 1652 266 1717 Num
294 1671 371 1717 uero
401 1671 503 1733 aeque
532 1657 628 1732 atque
657 1649 790 1714 Homeri
823 1649 1043 1714 scaenicorum
1076 1656 1244 1732 poetarum

94 1755 251 1820 memoria
272 1752 390 1819 Ouidio
413 1755 552 1836 uiguerit
572 1753 606 1817 in
629 1752 691 1819 hoc
718 1750 830 1835 mytho
860 1749 1046 1816 exornando
1074 1771 1139 1818 non
1166 1754 1242 1820 ilico

19 1865 21 1946 j
94 1856 313 1922 affirmaueris.
355 1855 450 1921 Certa
472 1855 665 1922 documenta
687 1855 816 1921 desunt:
839 1853 1041 1937 suspicamur
1064 1874 1136 1920 oum
1149 1855 1241 1922 Was-

19 1951 21 2035 Q
95 1959 229 2025 hietelio
251 1979 282 2042 p.
298 1961 358 2022 133
381 1957 629 2042 Euripideae
657 1957 786 2025 fabulae
809 1955 992 2021 meminisse
1014 1963 1160 2040 poetam,
1187 1961 1242 2025 ubi

94 2060 302 2146 philosophia
324 2061 560 2144 superbientem
583 2060 706 2126 inducit
724 2058 961 2143 Polyphemum
982 2078 1035 2123 uu.
1051 2062 1113 2124 842
1121 2080 1207 2144 squ:

228 2171 231 2177 “
286 2163 288 2178 “
502 2183 567 2229 non
589 2170 638 2230 est
658 2163 720 2230 hoc
741 2181 874 2244 corpore
896 2160 998 2226 maior

180 2266 326 2352 luppiter
347 2265 380 2329 in
402 2266 509 2331 caelo:
532 2287 605 2331 nam
627 2285 685 2332 nos
707 2283 836 2330 narrare
858 2263 968 2330 soletis

180 2369 320 2435 nescio
344 2387 455 2450 quem
477 2388 611 2451 regnare
634 2369 753 2452 Iouem.
819 2373 852 2433 et
873 2386 903 2431 u.
920 2367 997 2431 857:

182 2472 301 2554 quique
321 2470 432 2535 Iouem
455 2476 487 2534 et
509 2470 633 2535 caelum
656 2489 771 2554 sperno
796 2474 829 2533 et
849 2470 1049 2553 penetrabile
1070 2471 1242 2556 fulmen,

95 2593 174 2654 quos
188 2591 299 2637 uersus
315 2573 451 2655 scriptos
464 2591 534 2638 esse
549 2572 768 2655 putauerimus
782 2571 904 2637 recenti
918 2572 1140 2639 recordatione
1151 2575 1242 2640 Euri-

18 2751 19 2754 *
93 2675 263 2760 pideorum
287 2672 376 2758 Oyel.
392 2676 526 2756 320sq.:

18 2781 19 2800 ¹
180 2771 289 2861 Ζηνὸς
311 2766 344 2837 d'
371 2771 433 2859 ἐγώ
456 2773 659 2859 κεραυνόν
682 2767 719 2840 οὗ
744 2780 894 2862 φρίσσω,
918 2773 1004 2856 ξένε,

181 2868 267 2942 οὐδ’
294 2869 373 2941 οἷδ’
400 2867 454 2941 ὅτι
475 2874 559 2953 Ζεύς
582 2870 652 2942 ἐστ’
679 2875 758 2961 ἐμοῦ
781 2883 941 2963 κρείσσων
963 2876 1063 2957 θεός,

97 2984 151 3048 uix
174 2981 416 3047 Homericorum
438 2979 499 3046 Od.
515 2982 572 3065 IX,
590 2985 748 3066 nussqq„
777 3001 848 3047 cum
870 2982 996 3064 longius
1019 2982 1103 3046 absit
1129 2980 1241 3046 uerbo-

96 3105 164 3148 rum
188 3083 403 3165 oongruentia.
448 3083 555 3148 Possit
578 3084 674 3147 etiam
702 3085 773 3166 quis
802 3083 1006 3148 securitatem
1027 3081 1179 3167 Cyclopis
1209 3085 1243 3148 in

18 3183 19 3188 ’
97 3193 187 3251 antro
210 3206 267 3252 suo
290 3185 457 3268 uersantis,
480 3185 585 3267 riualis
607 3185 690 3249 inest
712 3185 746 3248 in
768 3183 827 3250 On.
843 3204 895 3248 uu.
913 3187 1075 3267 810sqq.:

182 3294 254 3354 sunt
275 3285 370 3370 mihi,
393 3307 467 3370 pars
490 3287 621 3368 montis,
644 3285 719 3350 uino
741 3285 916 3368 pendentia
938 3307 1018 3352 saxo

181 3397 273 3457 antra
280 3440 288 3473 ‚
312 3389 427 3472 quibus
449 3409 508 3454 nec
530 3388 579 3453 sol
602 3386 709 3453 medio
732 3388 864 3454 sentitur
887 3389 1032 3455 incestu

181 3514 255 3559 nec
277 3492 453 3558 sentitur
475 3489 619 3572 hiems,

97 3616 283 3680 comparare
305 3615 377 3661 eum
406 3591 523 3658 inflatis
545 3592 652 3658 uerbis
674 3591 867 3676 Polyphemi
890 3593 1055 3676 Euripidei
1078 3615 1099 3659 a
1120 3615 1150 3660 u.
1164 3596 1241 3657 322:

97 3692 143 3773 «ig
166 3689 198 3760 d'
215 3689 254 3760 οὔ
274 3719 334 3777 μοι
356 3694 448 3776 μέλει
466 3687 606 3759 ἄκουσον
629 3715 729 3778 usque
752 3694 795 3761 ad
817 3716 847 3762 u.
865 3697 942 3760 331:
961 3691 1102 3775 χιόνος
1124 3686 1241 3758 οὐδέν

97 3823 167 3882 μοι
190 3797 317 3880 μέλει.

181 3902 272 3968 Haec
299 3899 511 3984 probabiliter
538 3906 676 3984 statuas;
707 3906 806 3966 totam
834 3906 940 3964 tamen
963 3895 1156 3981 Polyphemi
1185 3895 1240 3964 de-

99 4006 303 4090 scriptionem
323 4002 367 4068 ad
388 3999 513 4068 fabulas
536 4002 691 4086 satyricas
721 4001 922 4068 referendam
952 4019 1022 4066 esse
1050 3999 1136 4086 quod
1167 4019 1240 4068 con-
