3028 4672
469 266 511 322 De
528 265 693 335 Polyphemo
712 268 739 319 et
758 265 880 321 Galatea.
998 245 1001 251 ⁵
1191 267 1251 325 153

184 440 255 505 Iam
277 446 312 504 ut
333 440 431 524 paulo
454 440 636 523 politiorem
664 439 838 522 imaginem
861 441 888 505 si
909 439 1085 523 poterimus
1109 440 1252 507 elabore-

95 561 180 625 mus,
205 541 510 626 circumspiciamus,
533 561 609 606 num
625 539 704 624 quid
725 560 767 605 ex
789 545 857 606 tota
871 538 1055 624 Epicharmi
1078 549 1146 608 arte
1169 549 1252 609 cete-

95 662 273 726 rarumque
302 644 372 709 eius
401 642 640 709 comoediarum
668 642 792 708 ratione
820 642 863 707 ad
894 640 976 708 hano
1008 642 1253 708 illuminandam

95 746 204 828 possit
227 743 416 810 redundare.
454 744 569 826 Neque
592 763 669 810 uero
691 749 792 809 totam
815 745 1035 829 quaestionem
1056 765 1076 808 a
1098 743 1252 827 Grysario

95 848 119 911 l.
134 848 176 929 l.,
204 867 226 910 a
246 845 418 912 Welohero
448 847 482 911 in
512 866 646 912 censura
674 844 768 912 huius
791 846 866 912 libri
887 874 930 898 =
953 848 1252 931 op.1p.271sqq.,

96 968 119 1012 a
140 947 300 1013 Lorenzio
323 947 378 1013 ll.
401 953 571 1014 tractatam
599 967 774 1030 recoquere
802 949 895 1015 nobis
923 949 1165 1034 proposuimus,
1196 945 1254 1012 sed

97 1068 184 1130 quae
200 1048 336 1130 quisque
359 1047 472 1116 horum
494 1051 705 1135 probabiliter
727 1050 908 1116 enucleauit
929 1048 973 1115 ad
994 1047 1077 1116 hanc
1099 1050 1252 1140 fabulam,

96 1150 259 1233 imprimis
286 1149 329 1215 ad
356 1149 508 1234 Cyclopis
537 1170 707 1236 personam
735 1152 963 1218 delineandam
990 1171 1152 1218 reuocare.
1202 1151 1254 1215 In·

98 1249 287 1334 oipiendum
317 1253 444 1318 uidetur
471 1254 512 1319 ab
535 1254 632 1321 Arist.
649 1259 734 1337 poet.
752 1259 770 1318 5
792 1275 824 1338 p.
840 1254 960 1333 1449b,
977 1257 1078 1336 5sqq.
1093 1252 1168 1335 Va,
1199 1253 1254 1335 qui

98 1351 196 1416 dicit:
225 1349 262 1416 τὸ
288 1349 323 1416 δὲ
345 1350 476 1434 μύθους
498 1366 611 1420 ποιεῖν
629 1347 829 1439 Ἐπίχαρμος
854 1354 911 1418 καὶ
936 1352 1066 1438 Φόρμις
1095 1360 1149 1429 (sc.
1171 1347 1255 1417 ὖιτέ-

100 1449 215 1528 δειξαν
237 1473 300 1519 sec.
317 1453 480 1534 Vahlen.)·
509 1453 546 1520 τὸ
577 1455 638 1538 μὲν
667 1453 702 1531 ἐξ
730 1447 829 1541 ἀρχῆς
859 1453 894 1520 ἐκ
916 1455 1068 1530 Σικελίας
1094 1439 1182 1539 ἦλθε
1204 1489 1254 1515 -.

97 1555 302 1637 Argumenta
333 1559 430 1640 igitur
462 1556 682 1642 mythologice
713 1559 746 1622 in
775 1557 944 1624 comoedia
977 1563 1113 1623 tractare
1148 1558 1255 1640 eoepit

98 1661 331 1748 Epicharmus3
366 1661 476 1743 quales
506 1662 589 1725 inter
615 1659 741 1725 fabulas
768 1661 797 1726 si
824 1666 893 1726 erat
920 1655 1085 1740 Κύκλωψ,
1114 1658 1254 1724 testimo·
1314 1683 1322 1698 ·

97 1767 190 1830 nium
205 1762 362 1828 habemus
377 1763 418 1828 ab
433 1760 628 1846 Epicharmo
646 1763 751 1844 primo
771 1762 805 1826 in
826 1780 975 1827 scaenam
998 1759 1161 1825 inductam
1184 1778 1255 1825 esse

99 1867 187 1932 hanc
209 1884 389 1949 personam.
434 1865 570 1930 Amasse
592 1869 700 1929 autem
725 1862 811 1929 huno
832 1868 962 1947 poetam
982 1867 1110 1946 praeter
1133 1866 1255 1928 ceteras

99 1967 289 2034 huiusmodi
314 1986 468 2050 personas
496 1985 675 2049 proponere
704 1965 814 2047 aliquo
842 1965 939 2031 modo
968 1965 1084 2048 probat
1105 1963 1255 2029 Herculis
1297 2037 1299 2042 ,

100 2071 289 2153 exemplum
301 2071 322 2146 ¹)
329 2118 338 2152 ,
369 2087 464 2150 quem
486 2066 663 2134 identidem
689 2067 858 2134 ridendum
887 2066 1119 2152 spectatoribus
1147 2065 1255 2147 propi-

100 2171 193 2236 nauit
214 2191 288 2236 cum
309 2171 343 2235 in
364 2170 438 2235 aliis
460 2174 527 2234 tum
550 2170 583 2233 in
606 2169 656 2234 his
679 2169 797 2235 fabulis
811 2159 922 2249 Ἥβας
943 2165 1065 2249 γάμος,
1092 2159 1256 2250 Ἡρακλῆς

101 2268 199 2357 παρὰ
224 2269 339 2355 Φόλῳ,
363 2267 531 2355 Βούσιρις.
568 2271 675 2336 Etiam
698 2270 791 2336 huius
813 2287 971 2353 personae
993 2267 1136 2333 indolem
1158 2269 1255 2334 comi-

100 2395 190 2458 cam,
220 2394 303 2457 quae
325 2393 385 2458 per
413 2377 513 2438 totam
541 2379 741 2456 posterorum
768 2370 882 2453 poesin
911 2367 1046 2435 hilarem
1076 2367 1257 2435 dominatur

98 2476 155 2554 (of.
167 2473 283 2542 Athen.
296 2476 329 2539 X
343 2496 374 2559 p.
388 2479 446 2538 411
457 2477 499 2556 υ),
522 2473 648 2539 Siculus
671 2476 768 2557 poeta
785 2471 913 2536 uidetur
929 2471 1166 2553 quodammodo
1182 2493 1255 2538 con-

100 2579 256 2645 stituisse.
290 2577 373 2642 Ante
395 2577 503 2643 omnia
522 2595 600 2640 uero
622 2575 794 2656 castigauit
814 2574 952 2656 ingentis
975 2572 1113 2640 hominis
1132 2575 1256 2640 uoraci-

101 2685 203 2746 tatem
219 2685 253 2746 et
269 2679 496 2762 ebriositatem,
520 2696 603 2761 quae
624 2677 692 2742 sino
715 2675 812 2741 dubio
836 2676 964 2742 crebras
986 2676 1107 2742 dabant
1129 2675 1256 2742 ridendi

100 2802 209 2864 ansas,
234 2801 297 2863 quo
313 2785 460 2864 spectant
476 2780 582 2845 omnia
603 2779 670 2844 fere
686 2777 795 2844 Hebes
818 2778 1001 2860 nuptiarum
1022 2779 1202 2862 fragmenta
1225 2782 1257 2842 et

101 2901 201 2956 unum
225 2881 312 2965 quod
334 2885 481 2965 superest
494 2879 662 2960 Busiridis,
686 2878 773 2960 quod
796 2899 866 2944 oum
890 2882 1010 2965 optime
1032 2880 1075 2945 ad
1097 2880 1256 2944 illustran-

101 2987 182 3053 dum
197 2985 352 3050 inseruiat
373 2981 579 3048 mandentem
595 2981 771 3064 Cyclopem
793 2981 845 3057 (of.
861 2982 949 3047 Eust.
966 3003 997 3066 p.
1008 2983 1100 3063 1629,
1113 2984 1153 3044 50
1162 2981 1255 3063 sqq),

100 3088 326 3156 adscribamus
349 3085 386 3150 fr.
403 3084 489 3148 9A.:

212 3205 349 3290 Πρᾶτον
370 3201 432 3283 μὲν
454 3199 493 3266 o'a'
512 3192 543 3264 κ’
564 3191 702 3264 ’ἔσθοντ’
721 3197 809 3276 ἰ’ὃοις
832 3224 896 3279 νιν,
921 3191 1128 3277 ἀποθάνοις,

211 3308 329 3390 βρέμει
350 3303 410 3387 μὲν
433 3297 450 3369 ὁ
476 3300 607 3390 φάρυγξ
627 3294 758 3381 ἔνδοθ’,
783 3293 902 3388 ἀραβεῖ
925 3291 956 3363 d'
976 3293 997 3362 ἆ
1020 3297 1163 3383 γνάθος,

212 3417 324 3493 ψοφεῖ
345 3397 378 3470 d'
403 3400 420 3470 ὁ
443 3403 603 3491 γόμφιος,
625 3406 754 3488 τέτριγε
777 3394 809 3466 δ’
829 3396 846 3467 ὃ
870 3398 1030 3482 κυνόδων,

213 3506 298 3586 σίζει
321 3505 356 3571 δὲ
378 3519 453 3582 ταῖς
475 3506 725 3594 ρίνεσσι,’κινεῑ
747 3495 779 3568 δ’
800 3496 913 3568 οὔατα.

100 3629 337 3712 Gognoscimus
362 3634 470 3694 autem
499 3628 531 3692 in
560 3625 612 3691 his
639 3625 758 3691 fabulis
788 3623 946 3689 eiusmodi
974 3643 1144 3707 personas,
1174 3641 1257 3704 quae

100 3735 263 3797 immenso
282 3730 425 3813 corporis
446 3729 560 3794 robore
583 3729 755 3793 instructae
778 3747 875 3810 supra
897 3724 1070 3791 humanum
1092 3723 1256 3790 modulum

66 3955 69 3962 ·
88 4009 93 4022 ι
196 3934 221 3995 1)
239 3929 309 3986 Vide
322 3941 392 3997 quae
404 3927 438 3982 de
449 3926 529 3982 huius
547 3941 663 3995 persona
680 3927 801 3982 breuiter
819 3923 1141 3995 disputauithlolrerus
1154 3920 1187 3974 de
1199 3919 1255 3975 lab.

100 4021 188 4084 satyr.
207 4031 234 4084 p.
246 4017 296 4068 318
306 4028 363 4082 sqq.
