2998 4674
258 235 320 295 230
413 257 419 268 ’
620 235 752 304 Georgius
770 233 904 288 Ricardus
922 231 1039 288 Hollsnd
1107 313 1111 322 ι

257 410 319 476 nisi
342 431 413 476 oum
434 408 585 476 Sohulzio
606 409 823 502 (quaestiones
838 407 1089 472 Hermesianact.
1105 406 1181 473 diss.
1198 407 1300 474 Boun.
1316 407 1406 490 Lips.

260 514 341 577 1858
363 533 394 596 p.
408 514 459 590 37)
481 513 524 579 ad
542 513 607 579 uile
623 511 780 594 refugium
802 509 999 577 descendere
1020 509 1112 574 uelis.
1151 507 1214 586 Qui
1235 509 1335 575 fretus
1358 529 1407 574 ar-

257 621 408 698 gumento
430 616 560 681 fabulae
582 614 623 680 de
645 631 755 679 amore
768 610 1005 695 Arceophontis
1027 610 1068 675 ab
1086 611 1224 678 Arsinoa
1245 612 1344 677 illuso
1364 612 1408 676 ab

255 717 418 784 Antonino
432 717 504 783 Lib.
519 723 646 783 metam.
664 718 703 779 39
727 720 873 782 seruatae
887 718 1017 798 poetam
1034 705 1182 778 ‘consilio
1197 715 1232 778 in
1246 713 1309 780 hoe
1323 713 1407 779 libro
1494 699 1495 710 ¹

256 820 422 906 paululum
444 822 608 886 immutato
630 819 811 902 respexisse
834 838 943 884 eorum
966 819 1143 881 amatorum
1166 836 1267 899 genus
1286 817 1409 897 statuit,

258 922 422 1004 inquibus
443 922 590 988 infelices
612 923 731 987 amoris
754 919 859 987 exitus
881 907 1142 1001 illustrarentur’,
1166 919 1237 1001 ipse
1258 919 1321 984 sibi
1343 938 1410 984 non

258 1031 422 1103 constans,
451 1025 533 1090 sicut
554 1023 789 1090 Hermesianax
810 1041 875 1087 non
896 1021 1025 1102 fuisset,
1053 1019 1081 1084 si
1104 1021 1151 1086 sic
1172 1026 1322 1105 poemata
1343 1020 1409 1086 dis-

257 1127 427 1212 posuisset,
451 1146 522 1192 cum
545 1126 683 1192 infelicis
706 1125 812 1190 exitus
834 1143 976 1188 amorem
990 1120 1156 1188 Menalcae
1172 1121 1408 1205 Chalcidensis,

260 1247 355 1311 quem
375 1248 439 1294 see.
454 1249 521 1311 arg.
534 1228 670 1296 Theocr.
687 1227 730 1293 id.
745 1227 794 1292 IX
817 1223 1034 1310 Colophonius
1047 1225 1199 1290 narrauit
1221 1221 1411 1310 ἐρασθῆναι

259 1331 318 1413 τῆς
333 1333 523 1416 Κυρηναίας
546 1330 703 1409 (Rohdius
718 1331 738 1396 l.
751 1330 771 1395 l.
788 1350 818 1412 p.
833 1329 872 1391 78
890 1325 963 1392 adn.
977 1330 991 1388 1
1013 1345 1085 1392 oum
1106 1325 1176 1393 cod.
1192 1326 1216 1390 k
1237 1329 1410 1414 κρηναίας)

259 1423 487 1519 Εὐΐπιιηςκαὶ
503 1428 613 1497 διὰτὸ
630 1429 673 1518 μὴ
692 1427 919 1515 ἐπιτυγχάνειν
943 1418 1044 1513 αὐτῆς
1065 1431 1409 1515 κατακρημνισθῆναι,

259 1556 331 1601 cum
353 1534 476 1602 Bachio
498 1535 541 1601 ad
563 1536 702 1618 primum
723 1535 840 1600 librum
862 1532 993 1614 releget.
1037 1531 1110 1596 Non
1137 1530 1285 1615 fingimus
1313 1532 1410 1598 nobis

257 1638 369 1704 erotici
396 1643 513 1721 poetae
542 1643 607 1703 tam
635 1657 783 1705 seuerum
813 1633 958 1701 ordinem
985 1634 1018 1698 in
1048 1632 1258 1700 annectendis
1287 1633 1410 1701 fabulis

257 1739 429 1821 amatoriis,
451 1759 555 1822 neque
571 1739 633 1806 hac
647 1760 682 1806 re
697 1739 866 1823 opinamur
888 1741 1013 1802 amatae
1035 1737 1164 1819 puellae
1187 1736 1326 1802 animum
1350 1737 1409 1803 de-

258 1843 411 1906 lectasset
431 1847 487 1906 aut
508 1841 707 1924 detinuisset,
729 1859 834 1923 neque
857 1838 920 1904 hoc
941 1837 1055 1904 suadet
1077 1846 1238 1922 superstes
1260 1839 1409 1925 frustum,

258 1943 378 2026 quippe
401 1942 488 2024 quod
511 1951 638 2008 centum
659 1943 726 2008 lere
749 1941 895 2008 uersibus
916 1945 1029 2024 poetas
1051 1941 1282 2023 nonnullosque
1301 1941 1409 2026 philo-

257 2044 377 2129 sophos
393 2044 652 2129 comprehendat,
676 2064 748 2110 cum
764 2046 811 2110 sic
825 2043 1010 2110 continuata
1032 2044 1115 2110 serie
1136 2064 1201 2109 non
1223 2043 1410 2112 sufficerent

257 2153 435 2214 amatorum
450 2149 642 2232 categoriae.
673 2147 775 2212 Immo
790 2145 933 2212 uariasse
948 2151 1097 2229 putamus
1112 2146 1408 2215 Hermesianactem

258 2271 300 2315 ex
322 2252 421 2316 animi
445 2251 607 2316 uoluntate
630 2256 662 2316 et
683 2248 801 2315 amoris
823 2245 995 2314 fluctuante
1017 2247 1136 2314 affectu
1156 2255 1347 2332 argumenta
1373 2257 1407 2316 et

258 2353 362 2418 felicis
385 2359 417 2418 et
439 2352 576 2418 infelicis
598 2353 704 2418 exitus
730 2358 763 2417 et
789 2350 892 2416 teneri
921 2348 1074 2416 desiderii
1102 2356 1134 2416 et
1161 2350 1307 2416 feruidao
1335 2353 1405 2417 libi-

258 2454 342 2520 dinis
364 2454 491 2520 fabulas
513 2453 610 2520 modo
633 2459 846 2539 exponentem
868 2451 965 2518 modo
989 2452 1247 2537 adumbrantem,
1276 2455 1407 2520 omnino

258 2556 425 2639 exemplar
454 2557 615 2622 exstitisse
643 2562 811 2640 poetarum
840 2555 1056 2638 elegiacorum
1083 2555 1250 2622 Romanae
1278 2559 1407 2640 aetatis,

257 2659 313 2741 qui
340 2663 373 2722 ut
397 2658 468 2741 ipso
496 2665 623 2723 amatae
652 2678 768 2723 nomen
796 2658 1026 2740 inscripserunt
1053 2657 1172 2725 libellis
1202 2660 1285 2743 suis,
1317 2661 1410 2726 uelut

258 2761 442 2844 Propertius
457 2757 625 2842 Cynthiae.
659 2758 706 2824 Cf.
723 2759 819 2825 etiam
833 2758 949 2825 Lucilii
972 2760 1043 2826 libr.
1060 2760 1146 2844 XVI,
1170 2761 1225 2844 qui
1244 2753 1406 2843 ‘Collyra’
1495 2819 1496 2822 ,

257 2863 428 2946 inscriptus
451 2866 519 2927 erat
540 2881 602 2927 sec.
619 2859 737 2946 Porph.
759 2858 802 2924 ad
820 2860 897 2926 Hor.
914 2881 1009 2926 carm.
1026 2863 1179 2946 1,22‚10.
1223 2863 1337 2944 ltaque
1361 2866 1408 2929 in-

258 2966 343 3032 catti
358 2972 442 3031 esset
456 2963 498 3029 de
513 2963 608 3030 huius
623 2963 752 3028 fabulae
767 2963 955 3028 uacatione
976 2971 1063 3030 corta
1085 2964 1287 3048 concludere,
1310 2986 1409 3048 quam

257 3061 366 3134 utrum'
387 3068 533 3151 exposite
559 3066 736 3131 narrauerit
761 3086 804 3131 an
828 3066 970 3149 tetigerit
993 3068 1106 3150 paucis
1130 3067 1276 3133 uersibus
1302 3071 1407 3135 nesci-

257 3192 336 3236 mus.
381 3171 470 3235 Bene
491 3174 599 3236 tamen
620 3168 754 3253 accidit,
778 3168 864 3252 quod
886 3188 958 3234 eum
980 3177 1126 3252 poetam,
1150 3189 1244 3252 quem
1266 3172 1408 3254 primum

258 3273 319 3338 hoc
333 3279 553 3356 argumentum
568 3272 860 3338 Alexandrinorum
874 3278 1041 3355 poetarum
1057 3272 1188 3338 scholae
1205 3280 1238 3338 et
1254 3275 1316 3338 arti
1332 3295 1406 3359 sup-

257 3374 420 3458 peditasse
442 3374 597 3457 suspicari
619 3374 710 3457 licet,
739 3376 900 3458 cognitum
923 3371 1074 3439 hahuisse
1102 3375 1220 3440 scimus
1250 3395 1291 3441 ex
1320 3378 1406 3462 frag-

257 3476 357 3541 menti
384 3495 435 3540 uu.
457 3478 498 3539 69
510 3495 580 3559 sqq.
603 3475 774 3542 Philoxeni
798 3476 926 3560 drama,
955 3476 1064 3558 quiin
1088 3474 1149 3542 hac
1169 3477 1280 3542 fabula
1306 3485 1344 3543 ut
1372 3481 1406 3545 in

258 3577 380 3643 musica
406 3596 510 3641 nouae
536 3577 734 3642 tractationis
764 3584 813 3643 est
839 3578 931 3660 quasi
960 3578 1195 3660 antesignanus.
1240 3580 1406 3648 Habemus

257 3681 354 3765 igitur
377 3697 534 3745 conexum
548 3678 787 3745 Alexandrinae
808 3680 885 3744 artis
908 3699 979 3745 oum
1000 3678 1204 3762 dithyrambo
1226 3685 1406 3751 recentiore

257 3782 476 3864 manifestum,
506 3801 546 3846 ac
568 3800 632 3846 non
654 3781 762 3862 inopte
785 3780 945 3864 quispiam
967 3782 1139 3848 coniecerit
1160 3782 1405 3854 Hermesianae·

258 3895 322 3952 tom
348 3884 380 3950 h.
396 3885 417 3949 l.
439 3903 470 3948 u.
487 3886 527 3946 73
551 3883 659 3949 uerbis
685 3878 876 3964 γιγνώσκεις
905 3873 1026 3947 ἀΐουσα
1054 3887 1157 3968 μέγαν
1185 3881 1300 3949 πόθον
1329 3888 1406 3955 ideo

258 4007 385 4071 quoque
407 3987 581 4054 orationem
603 3985 646 4052 ad
667 3985 835 4050 Leontium
863 3986 1004 4053 secunda
1032 4007 1169 4070 persona
1198 3992 1407 4076 conuertisse,
