3028 4672
426 273 468 328 De
485 273 651 344 Polyphemo
668 279 696 328 et
716 275 838 329 Galatea.
1146 273 1207 333 225

90 445 197 510 uidetur
210 449 342 528 exstare,
365 450 474 512 tamen
490 446 635 513 umbram
660 451 745 512 certe
768 446 941 512 testimonii
962 451 1107 529 repetere
1128 448 1208 514 ueli-

89 567 145 612 nus
160 565 176 612 e
189 545 289 613 Seruii
303 546 345 612 ad
361 546 441 614 Aen.
454 549 478 633 I,
492 553 551 613 201
569 550 776 617 adnotatione
794 569 812 614 e
828 548 940 615 codice
953 547 1106 615 Puldensi
1121 549 1209 615 Petri

89 650 212 716 Danielis
235 649 283 730 (cf.
300 649 428 715 Thilon.
445 652 544 735 praef.
561 673 592 738 p.
605 653 661 730 IV)
684 657 825 735 sumpta:
845 643 992 734 ‘qnidam
1007 656 1113 717 tamen
1128 651 1209 719 haee

88 772 152 818 saxa
171 752 248 818 inter
269 751 414 818 Catinam
437 758 469 819 et
488 754 737 820 Tauromenium
759 754 793 819 in
814 753 945 819 modum
967 759 1124 820 metarum
1146 755 1209 820 situ

87 855 203 921 naturali
223 854 332 920 dicunt
353 874 435 938 esse,
458 874 541 937 quae
564 855 729 941 Cyclopea
749 856 963 940 appellantur,
986 876 1120 939 quorum
1141 876 1206 922 me-

87 955 158 1020 dinm
178 962 209 1022 et
229 957 511 1024 eminentissimum
533 956 681 1023 Galate
706 948 849 1023 dicitur'.
894 957 1100 1042 Suspicamur
1123 959 1208 1024 enim

86 1060 206 1125 marimo
221 1060 347 1126 illorum
362 1080 512 1127 saxorum
528 1059 763 1143 Cyclopeornm
783 1080 899 1126 nomen
914 1065 1040 1127 amatae
1057 1059 1209 1146 Cyclopis

32 1175 33 1178 ’
86 1159 201 1226 inditum
214 1163 321 1247 fuisse.
356 1161 463 1240 Quare
484 1163 611 1229 titulum
626 1161 782 1229 Galateae
804 1169 890 1230 certo
906 1162 1084 1248 Posidippo
1105 1163 1209 1229 uindi-

85 1283 176 1330 canus
195 1265 348 1348 dolentes,
372 1264 460 1349 quod
481 1265 522 1331 dc
545 1265 617 1350 ipsa
638 1266 749 1332 fabula
769 1265 852 1331 nihil
872 1266 940 1332 fere
962 1267 1089 1333 scimus.
1125 1266 1209 1331 Nam

85 1385 136 1431 nra
148 1373 287 1452 superest
302 1369 460 1434 sententia
470 1368 552 1434 Poll.
559 1367 630 1450 VH,
641 1371 716 1431 111:
734 1364 776 1430 τὰ
791 1369 991 1451 deportabis
1002 1370 1056 1444 (so.
1068 1366 1209 1455 εἴρηται)

85 1463 111 1530 έν
122 1481 185 1545 τοῖς
199 1471 276 1556 περὶ
293 1468 392 1535 οἴκων
414 1466 478 1548 (οἷς
492 1470 711 1554 προσθετέον,
735 1460 789 1534 ὅτι
803 1459 1001 1555 ἣνὍμηρος
1022 1468 1082 1550 μὲν
1102 1468 1211 1556 ε’έρηκε

83 1569 219 1659 κορώνην,
243 1571 275 1636 οἱ
299 1569 335 1635 δέ
357 1573 414 1637 νῦν
436 1570 569 1656 κόρακα,
594 1562 699 1645 οὕτως
721 1561 876 1652 ὠνόμασε
896 1571 953 1634 καὶ
972 1568 1210 1645 Ποσείδιππος

31 1711 32 1716 1
84 1668 110 1734 ἐν
124 1672 246 1760 Γαλάτῃ
270 1669 377 1739 εἰπών
404 1668 565 1760 ’κόρακι
586 1662 743 1736 κλείεθ’
768 1665 788 1757 ἡ
811 1663 947 1756 θύρα·
978 1671 1049 1737 έστι
1069 1670 1130 1754 μέν
1153 1657 1211 1736 οὗν

83 1765 112 1837 οὗ
135 1780 299 1863 κεκριμένη
328 1788 400 1853 τοῖς
429 1779 515 1852 νέοις
536 1769 556 1860 ἡ
581 1772 675 1862 φωνή
705 1779 792 1859 θέα),
821 1794 916 1857 quam
946 1777 1116 1842 lectionem
1138 1796 1210 1842 cum

31 1889 32 1892 ’
82 1877 225 1946 lleinekio
253 1880 464 1965 praeferimus
492 1880 585 1945 alteri
610 1879 657 1962 X,
674 1881 730 1942 22:
758 1875 875 1962 κόρακι
902 1869 1041 1962 κρούεθ’
1065 1872 1085 1964 ἡ
1108 1875 1210 1965 θύρα.

31 2011 32 2014 “
83 1977 169 2055 Quam
190 1984 218 2049 si
241 2003 462 2067 comparamus
486 2003 557 2048 cnm
580 1980 715 2048 Pheoer.
738 2001 790 2046 nu.
803 1981 858 2062 VI,
872 1982 1008 2065 31sqq.‚
1036 1982 1092 2048 ubi
1114 1981 1210 2065 Poly-

82 2081 200 2163 phemus
222 2104 373 2171 spernere
395 2104 430 2151 se
453 2085 604 2149 simulans
627 2083 783 2149 Galateac
806 2103 949 2150 amorem
971 2083 1064 2149 dicit:

30 2203 34 2271 ,ν
113 2188 209 2250 ταῦτα
232 2177 265 2249 ‹l'
285 2183 368 2261 ἰ’σως
391 2183 551 2270 έσορεῦσα
573 2182 733 2249 ποιοῦντά
755 2208 797 2266 με
818 2183 962 2249 πολλάκι
984 2193 1116 2267 asportet

116 2279 258 2371 ἄγγελον·
290 2279 395 2372 αὐτὰρ
419 2284 480 2372 ἐγώ
505 2282 637 2372 κλᾳξῶ
658 2284 805 2370 θύρας,
837 2283 909 2360 έακε
930 2277 962 2349 κ’
987 2277 1116 2371 ὀμόσσῃ
1139 2291 1209 2370 etc,

29 2391 33 2432 '¹
82 2387 117 2452 ita
136 2390 271 2475 quidem,
295 2397 330 2456 ut
351 2391 439 2475 apud
461 2389 671 2473 Posidippum
695 2390 913 2476 Polyphemus
936 2389 1040 2456 dicat:
1064 2390 1210 2472 quotiens

29 2438 35 2605 ι
80 2489 114 2554 ad
134 2491 284 2560 Galateae
306 2494 436 2558 ianuam
457 2490 668 2576 accedebam,
691 2489 807 2576 κόρακι
828 2483 996 2577 κλείεθ’ἧ
1017 2488 1125 2577 θύρα,
1147 2492 1212 2576 ipsi

29 2614 33 2631 ¹
81 2596 268 2662 concedimus
291 2596 395 2678 magis
417 2594 529 2660 ludere
552 2593 587 2659 id
609 2614 680 2661 esse
702 2615 798 2679 quarn
820 2596 1038 2678 comprobare.

151 2698 254 2781 Atque
277 2695 359 2763 haec
382 2697 512 2780 quidem
535 2697 575 2763 de
599 2697 785 2764 comoediae
812 2699 1001 2764 auctoritate
1030 2695 1209 2762 enucleaui-

28 2841 29 2873 ,
81 2817 138 2866 nus
162 2802 303 2866 animum
330 2800 531 2866 attendentes
560 2799 603 2865 ad
625 2799 818 2884 Polyphemi
846 2800 1048 2884 potissimum
1076 2795 1210 2880 figuram

27 2979 28 2984 ἵ
80 2919 132 2966 non
152 2904 330 2969 nescientes
353 2902 512 2986 Cyclopes
534 2903 631 2967 etiam
659 2903 732 2968 aliis
759 2904 793 2969 in
822 2901 938 2968 fabulis
967 2898 1114 2964 inductos
1140 2917 1211 2962 csse

81 3002 156 3070 chori
176 3013 285 3091 partes
307 3010 455 3088 agentes,
486 3005 586 3070 ueluti
614 3005 647 3069 in
670 3003 838 3088 Eupolidis
866 3001 1035 3069 comoedia
1057 3003 1211 3084 Χροσοῦν

79 3107 168 3192 γένος,
190 3131 211 3174 a
232 3108 338 3175 Callia
360 3107 392 3171 in
415 3106 611 3191 Cyclopibus
634 3106 675 3171 al.
699 3107 750 3184 (of.
771 3105 889 3187 Bergk.
907 3105 948 3170 de
962 3103 1031 3168 rell.
1048 3123 1128 3169 com.
1144 3101 1209 3167 Art.

80 3215 133 3273 ant.
153 3231 184 3294 p.
197 3213 259 3275 363
268 3210 340 3291 sq.).·
374 3209 524 3274 Attamen
538 3229 580 3274 cx
595 3208 635 3274 iis
650 3228 762 3292 parum
785 3205 932 3273 utilitatis
954 3204 1147 3270 redundabit
1168 3202 1211 3268 ad

80 3305 260 3396 Polyphemi
282 3330 451 3395 personam
474 3309 746 3394 cognoscendam,
775 3309 808 3373 in
837 3327 901 3390 qua
928 3306 1107 3372 excolenda
1135 3305 1212 3372 data

26 3439 28 3506 ρ
80 3429 168 3493 opera
180 3414 321 3481 studium
334 3433 472 3498 posuere
490 3413 628 3479 omnium
651 3415 791 3475 aetatum
813 3415 939 3494 poetae.
976 3409 1026 3474 Ex
1048 3409 1210 3492 fragmini-

26 3511 28 3552 *
80 3510 129 3580 bns
150 3518 342 3583 comicorum
363 3535 594 3600 anonymorum
616 3511 694 3578 nihil
713 3513 780 3578 fere
804 3512 962 3596 expiscati
984 3531 1102 3594 sumus,
1125 3516 1211 3578 certe

26 3641 27 3650 ν
80 3615 158 3703 nihil,
181 3618 268 3703 quod
282 3638 346 3685 uon
361 3617 475 3684 eodem
495 3618 563 3683 iure
585 3615 742 3682 similibus
764 3616 960 3699 argumentis
982 3615 1079 3681 tribui
1101 3615 1210 3698 possit
1279 3656 1281 3662 ·

153 3721 298 3788 Vidimus
320 3722 433 3804 igitur,
463 3718 731 3804 quemadmodum
753 3719 871 3802 singuli
899 3723 1016 3805 poetae
1038 3718 1103 3784 suis
1126 3717 1211 3799 quis·

79 3838 133 3900 que
147 3823 305 3889 coloribus
328 3824 512 3889 exornarint
534 3822 707 3904 imaginem
721 3820 915 3905 Polyphemi
937 3820 978 3887 ab
993 3820 1133 3885 Homero
1154 3815 1211 3881 ad·

79 3923 257 3990 umbratam.
301 3925 373 4004 Qua
394 3946 436 3990 ex
458 3924 673 4008 descriptione
696 3922 931 3990 studiosissime
952 3925 1111 4003 arreptam
1140 3935 1211 3983 esse

79 4029 277 4092 noraoitatem
304 4034 335 4093 et
363 4026 572 4092 uinulentiam
602 4026 740 4108 ingentis
768 4025 830 4089 uiri
857 4025 952 4091 facile
980 4022 1142 4104 explicatu
1170 4039 1212 4086 ex

123 4133 349 4186 respargcrssnsnn.
369 4134 416 4177 vu.
979 4124 1008 4173 15
