2998 4674
269 234 331 294 250
632 235 766 302 Georgius
784 234 921 291 Ricardus
938 235 1055 290 Holland

270 411 392 478 frondis
414 429 494 475 aura
515 410 667 493 agitatae.
711 409 798 474 Inest
818 413 925 476 autem
952 411 1061 476 nescio
1090 409 1169 492 quid
1198 414 1354 479 maeroris
1385 416 1421 479 in

269 514 381 598 primis
403 513 529 579 duobus
550 511 714 594 uersibus,
742 512 833 593 quasi
855 510 1088 579 melancholica
1109 514 1324 598 continentia,
1355 536 1422 599 qua

270 636 361 682 suam
391 614 422 680 h.
443 636 470 680 e.
497 619 682 680 consuetam
711 613 790 695 sibi,
823 633 950 699 semper
979 620 1087 682 tamen
1115 616 1237 681 irritam
1265 616 1354 682 uiam
1382 638 1422 684 se

269 718 484 803 profecturum
509 717 679 800 pollicetur
704 712 924 798 Polyphemus
950 711 1135 784 dulcissime
1165 719 1323 785 sonitmus
1353 741 1422 784 non

271 821 444 902 Galateae,
467 819 525 887 sed
547 817 662 886 surdae
685 809 834 883 haredae.
871 814 1085 898 Agnoscimus
1108 840 1184 886 uero
1206 820 1422 887 imitationem

271 921 435 988 Theocriti
458 925 506 1004 0⁰3
533 919 621 1003 quod
642 920 702 986 Bio
726 937 853 1001 quoqne
875 917 1113 987 adulescentem
1136 921 1263 986 uidetur
1285 921 1423 990 finxisse

270 1025 463 1108 Cyclopem,
494 1044 566 1089 cum
594 1022 621 1088 is
647 1039 748 1102 usque
777 1019 820 1085 ad
849 1020 993 1086 ultimam
1021 1029 1217 1090 senectutem
1244 1024 1422 1090 iucundam

271 1146 361 1208 spem
383 1146 418 1191 se
440 1147 504 1191 non
526 1124 744 1208 depositurum
769 1122 935 1207 praedicet
962 1144 1014 1188 uu.
1033 1128 1111 1208 3sq.
1159 1126 1290 1192 Induxit
1319 1127 1422 1210 igitur
1491 1193 1492 1196 ,

270 1228 330 1293 Bio
345 1227 579 1311 Polyphemum
593 1245 723 1310 prorsus
739 1225 916 1292 emollitum
930 1226 992 1294 hac
1014 1228 1047 1294 in
1067 1247 1103 1294 re
1125 1229 1228 1294 iustae
1249 1248 1422 1295 mensurae

270 1349 365 1396 sensu
387 1328 552 1396 Theocriti
573 1327 703 1413 proprio
726 1325 904 1394 destitutus.
949 1329 1093 1396 Laeuum
1121 1336 1170 1396 est
1198 1329 1354 1397 iudicium
1376 1331 1422 1396 de

270 1431 332 1498 hoo
361 1430 546 1498 charactere
576 1428 742 1496 Schmitzii
771 1427 1006 1506 (adnotationes
1035 1430 1079 1497 ad
1100 1426 1211 1498 Bionis
1238 1439 1270 1499 et
1291 1431 1421 1498 Moschi

269 1553 365 1599 carm.
382 1534 516 1600 Monast.
529 1535 610 1597 1856
629 1553 661 1616 p.
675 1533 738 1614 34),
762 1532 817 1614 qui
831 1532 965 1598 Bionem
981 1533 1129 1617 opinatur
1148 1527 1328 1602 ‘meliorem
1344 1535 1421 1600 red·

269 1636 391 1703 didisse
403 1636 556 1721 Cyclopis
570 1655 740 1719 personam
755 1640 789 1700 et
802 1654 878 1700 num
892 1635 1013 1718 primus
1029 1634 1089 1701 hoc
1102 1627 1241 1719 fecerit’,
1260 1638 1293 1701 in
1308 1637 1420 1703 medio

268 1740 429 1822 relinquit.

356 1839 459 1906 Statio
474 1839 639 1921 fragminis
654 1840 741 1904 illins
764 1839 792 1904 si
812 1839 990 1904 accuratius
1013 1839 1193 1923 indagetur,
1215 1839 1353 1905 libenter
1375 1841 1420 1905 ad

270 1942 449 2008 cantilenae
464 1941 639 2006 amatoriae
654 1940 749 2006 finem
766 1939 947 2023 relegemus
962 1961 1053 2025 spem
1075 1943 1233 2026 propositi
1255 1949 1418 2008 tenacem:

192 2046 194 2052 ’
269 2043 349 2127 quid
363 2045 430 2110 fere
444 2043 666 2127 praecesserit,
688 2041 832 2108 indicant
846 2043 947 2110 uerba
968 2034 1074 2127 αὐτὰρ
1090 2039 1182 2128 ἐγών,
1205 2044 1321 2126 quibus
1344 2067 1418 2129 pro-

269 2148 322 2213 cul
345 2147 442 2212 dubio
465 2145 616 2230 opposita
637 2152 706 2212 erat
729 2143 884 2212 Galateae
906 2146 1025 2212 mentio
1047 2147 1094 2214 sic
1115 2147 1265 2215 fortasse:
1292 2139 1418 2231 ‘puella

268 2248 400 2331 quidem
422 2269 508 2332 mea,
533 2246 632 2331 eheu,
654 2245 736 2312 nihil
757 2254 920 2332 mouetur,
943 2249 1089 2330 quamuis
1111 2269 1229 2331 magna
1249 2249 1412 2332 pollicear,

268 2353 415 2434 quamuis
437 2352 499 2416 sim
520 2371 585 2416 non
608 2348 859 2416 contemnendae
882 2341 1032 2435 speciei';
1060 2357 1168 2417 tamen
1190 2371 1251 2434 ego
1273 2372 1338 2417 non
1361 2350 1412 2418 de·

268 2455 380 2520 sistam
408 2456 468 2518 etc.
476 2454 497 2526 ¹)
541 2451 612 2518 Hac
639 2453 762 2520 ratione
790 2472 855 2523 non
882 2458 917 2518 ut
939 2453 1149 2519 Theocriteus
1171 2452 1312 2537 Cyclops
1341 2474 1414 2520 con-

269 2553 378 2621 cludat
400 2560 528 2620 cantum
550 2573 685 2620 excusso
707 2574 835 2637 amore,
864 2555 923 2621 sed
944 2556 1015 2639 spei
1037 2553 1272 2622 adhaerescens
1298 2557 1416 2639 magis-

269 2676 332 2739 que
353 2654 577 2738 inflammatus,
601 2655 687 2737 quod
709 2657 818 2722 nescto
841 2677 883 2722 an
905 2677 977 2723 cum
992 2657 1107 2723 Bionei
1130 2659 1282 2724 amatoris
1306 2658 1416 2724 indole

270 2759 384 2825 melius
407 2758 601 2824 conuenerit.

355 2861 428 2927 Non
450 2861 520 2926 sine
540 2859 768 2944 probabilitate
790 2879 832 2926 ex
850 2859 1019 2943 Smyrnaei
1041 2861 1228 2943 fragmentis
1251 2864 1413 2945 nonnulla,

269 2985 351 3048 quae
367 2964 499 3047 collegit
514 2961 645 3029 Stobaei
668 2982 753 3047 cura,
777 2962 987 3028 recentiorum
1010 2963 1169 3046 sagacitas
1192 2965 1225 3028 in
1248 2963 1413 3031 huius-ar-

268 3067 410 3151 gumenti
437 3066 514 3133 orbe
542 3065 671 3130 locauit.
715 3063 904 3132 Memoriam
932 3066 1017 3130 enim
1045 3066 1209 3132 sollemnis
1237 3069 1413 3133 sententiae

268 3175 400 3236 reuocat
421 3169 512 3252 frgm.
529 3167 639 3234 XVIII
659 3166 737 3232 Ahr.
753 3166 842 3234 Stob.
860 3168 918 3233 ecl.
933 3167 1027 3250 phys.
1043 3168 1070 3250 Ι,
1086 3169 1115 3252 9,
1132 3171 1166 3232 3;

354 3273 492 3346 Μοίσας
507 3262 613 3353 Ἔρως
634 3269 763 3348 καλέοι,
787 3273 922 3333 Μοῖσαι
942 3263 1001 3332 τὸν
1015 3261 1148 3352 Ἔρωτα
1170 3271 1314 3355 φέροιεν.

353 3368 487 3454 μολπὰν
510 3372 566 3436 ταὶ
589 3374 724 3436 Μοῖσαί
744 3394 803 3453 μοι
826 3361 879 3435 cici
901 3372 1066 3435 ποθέοντι
1088 3368 1226 3450 διδοῖεν,

353 3471 414 3538 τὰν
435 3469 592 3560 γλυκερὰν
613 3470 764 3557 μολπάν,
787 3475 846 3550 τᾶς
869 3470 1044 3559 φάρμακον
1067 3463 1162 3537 ὅδιον
1184 3464 1289 3538 οὐδέν.

269 3598 290 3642 a
305 3576 457 3643 Piersono
472 3574 560 3660 apud
567 3575 835 3642 Valckenaerium
851 3575 914 3642 huc
928 3576 1063 3642 relatum
1076 3576 1323 3644 assentientibus
1338 3578 1410 3643 Hel·

269 3679 357 3763 bigio
381 3677 494 3760 (symb.
511 3676 589 3761 phil.
612 3677 713 3742 Bonn.
735 3698 766 3761 p.
777 3680 834 3741 361
853 3677 959 3744 adnot.
971 3679 1002 3756 4)
1024 3683 1056 3743 et
1076 3677 1250 3744 Schmitzio
1265 3681 1408 3764 p.3dsq.,

270 3782 325 3864 qui
340 3785 426 3847 recte
438 3778 602 3845 Theocriti
617 3778 674 3859 XI,
689 3783 781 3861 lsqq.
796 3783 920 3842 15-17
935 3781 1109 3846 sententias
1124 3778 1165 3846 de
1180 3781 1297 3848 amoris
1312 3780 1406 3848 medi-

359 3935 382 3996 1)
400 3927 552 3986 Consimilis
570 3928 645 3983 color
662 3926 812 3982 sententIae
830 3927 1064 3996 Theocr.II,164:

490 4012 544 4087 dyo)
562 4010 591 4066 d’
605 4013 673 4066 otoo]
690 4010 741 4067 τὸν
758 4010 824 4083 ἐμὸν
842 4009 929 4068 πόνον
947 4007 1040 4086 ὥσπερ
1058 4010 1188 4070 ὑπέσταν.
