3028 4672
233 209 294 268 220
596 210 726 280 Georgius
744 211 879 267 Ricardus
898 211 1016 266 Holland

231 384 390 450 consentit
404 382 465 450 hoc
481 403 552 450 cum
568 383 820 468 philosophandi
834 384 891 452 illo
907 384 1024 468 studio,
1048 405 1111 468 quo
1127 373 1281 472 Cyclopis
1298 388 1392 470 igno·

231 484 367 550 rentiam
384 505 539 552 exornare
554 484 707 551 amabant
722 492 847 570 poetae.
881 486 1038 552 Videntur
1058 493 1164 554 autem
1187 485 1270 554 haec
1293 490 1391 556 nobis

232 587 352 652 insulse
375 587 463 654 dicta
484 607 564 671 esse,
587 587 651 654 nisi
672 587 785 655 Alexis
809 595 930 655 certum
954 589 1115 672 quendam
1137 587 1303 656 hominem
1319 589 1391 656 hac

230 689 377 755 irrisione
392 695 558 772 pungeret.
595 689 669 756 Non
684 690 770 755 enim
785 691 854 755 sine
870 709 968 756 causa
989 690 1211 758 adulescentie
1233 690 1390 775 discipuli

136 792 140 799 '
231 794 358 874 tempus
387 791 594 858 institutionis
617 791 783 858 definitum
805 790 1069 876 Aristippumque
1092 813 1131 859 eo
1154 799 1300 877 tempore
1330 794 1389 859 ad·

230 891 329 958 fuisse
352 891 527 958 indicatum
550 899 607 960 est.
648 883 812 957 Ἐνταῦθα
838 893 943 977 notio,
972 895 1000 960 si
1021 914 1133 959 uerum
1162 901 1390 978 argumentum

232 993 333 1058 oculis
348 995 566 1078 proponimus,
589 996 711 1060 nullum
726 996 826 1060 alium
840 997 946 1061 locum
962 995 1142 1079 significare
1164 1002 1272 1081 potest
1288 1016 1389 1080 quam

230 1093 385 1160 Siciliam.
431 1096 468 1161 In
490 1095 603 1162 Sicilia
624 1102 731 1163 autem
754 1097 938 1182 Aristippus
966 1099 1133 1164 minimum
1159 1098 1208 1164 bis
1237 1105 1389 1166 uersatus

232 1202 280 1262 est
302 1196 531 1266 consuetudine
553 1217 630 1264 usus
652 1218 716 1264 non
738 1199 841 1266 solum
863 1199 1013 1284 Dionysii
1034 1201 1180 1284 maioris,
1204 1199 1263 1266 sed
1286 1201 1389 1266 etiam
1427 1223 1440 1244 ·

229 1298 362 1365 minoris
378 1299 417 1364 of.
435 1299 608 1364 Henricum
624 1299 665 1366 de
681 1299 786 1365 Stein:
809 1300 851 1367 de
865 1301 1073 1385 philosophia
1084 1301 1273 1386 Cyrenaica,
1297 1301 1387 1368 Gott.

234 1401 315 1465 1855
338 1422 369 1485 p.
384 1404 423 1464 57
432 1420 502 1484 sqq.
537 1401 678 1467 Primum
693 1422 770 1468 uero
786 1401 963 1487 Syracusas
978 1404 1177 1488 Aristippum
1195 1405 1389 1486 pemenisse

232 1500 373 1568 Steinius
394 1504 485 1587 ponit
507 1505 540 1569 in
562 1504 672 1570 tabula
694 1506 736 1588 (p.
751 1506 804 1582 20)
832 1524 916 1571 anno
940 1507 1019 1588 389,
1049 1505 1166 1571 deinde
1189 1525 1217 1570 a.
1235 1508 1294 1570 361
1320 1525 1392 1572 una

231 1623 303 1670 cum
319 1590 464 1673 Platone.
499 1607 567 1670 lam
583 1606 676 1672 nobis
689 1626 740 1672 uu.
754 1612 853 1689 5sqq.
870 1627 941 1672 eam
957 1612 1095 1673 aetatem
1107 1606 1264 1690 Aristippi
1279 1612 1389 1673 osten-

230 1705 308 1773 dere
324 1706 482 1790 uidentur,
507 1725 570 1788 qua
585 1728 708 1774 summa
731 1713 762 1773 et
782 1708 924 1793 corporis
947 1714 979 1774 et
1000 1709 1121 1791 ingenii
1140 1709 1306 1796 alacritate
1328 1707 1389 1776 flo-
1505 1725 1506 1732 ί

230 1808 332 1891 rebat,
356 1808 528 1874 excludere
550 1815 763 1893 seneotutem;
786 1829 887 1876 senex
908 1813 1016 1875 autem
1038 1811 1303 1893 septuagenarius
1327 1812 1389 1876 ite·

230 1928 302 1974 rum
325 1907 502 1992 Syracusas
530 1911 634 1993 uenit,
664 1912 692 1977 si
719 1917 805 1978 reete
828 1911 969 1978 Steinius
997 1931 1116 1976 annum
1146 1911 1215 1977 eius
1241 1912 1388 1978 natalem

230 2007 319 2074 haud
344 2012 444 2078 multo
469 2017 544 2077 ante
572 2032 602 2078 a.
618 2013 679 2075 435
708 2013 807 2095 ponit.
853 2011 959 2090 Quare
989 2014 1041 2078 uel
1070 2013 1154 2078 hanc
1183 2013 1223 2079 oh
1252 2033 1388 2080 eausam

228 2113 367 2196 priorem
395 2113 565 2179 terminum
593 2114 819 2197 praeferamus.
863 2115 992 2180 Eximio
1018 2121 1124 2180 autem
1148 2115 1256 2180 omnia
1285 2135 1386 2200 expe·

231 2214 375 2298 diuntur,
406 2217 433 2282 si
456 2213 623 2302 δεσπότην
645 2215 735 2281 illum
756 2216 948 2301 Dionysium
972 2218 1126 2283 maiorem
1148 2216 1206 2283 sub
1229 2216 1386 2302 cyclopis

229 2335 368 2400 persona
390 2317 542 2384 latentem
558 2337 628 2385 osse
644 2318 820 2384 statuimus.
857 2319 949 2384 Facit
971 2324 1068 2402 poeta
1089 2337 1216 2385 seruum
1239 2318 1384 2401 aliquem

231 2422 413 2483 narrantem
435 2417 477 2485 de
499 2420 545 2486 eri
567 2420 683 2486 studiis
711 2419 944 2504 philosophicis
973 2439 1108 2503 carpens
1131 2419 1280 2502 Dionysii
1309 2441 1383 2486 cum

230 2519 397 2603 Aristippo
420 2520 681 2604 familiaritatem,
705 2541 800 2604 quam
822 2521 1010 2587 colinariam
1033 2521 1136 2604 magis
1159 2540 1255 2603 quam
1277 2522 1383 2605 philo-

230 2619 398 2705 sophicam
413 2621 511 2687 fuisse
526 2628 659 2688 testatur
681 2622 780 2689 schol.
796 2623 927 2689 Luciam.
943 2623 1084 2707 Menipp.
1107 2643 1138 2706 p.
1152 2625 1203 2706 20,
1216 2626 1250 2688 7:
1274 2622 1385 2700 δεινὸς

228 2719 270 2788 τὰ
300 2723 379 2810 περὶ
410 2726 555 2808 γαστέρα
584 2747 621 2788 τε
649 2724 703 2788 καὶ
734 2720 812 2798 τσὺς
843 2728 1021 2810 μαγείρους
1053 2720 1234 2810 σοφιστής·
1268 2727 1383 2812 παρῆν

227 2829 398 2912 Διονυσίῳ
420 2827 469 2910 τῷ
491 2823 659 2912 πρεσβύτῃ
685 2820 771 2890 κατὰ
792 2821 851 2909 τὴν
874 2825 1027 2891 Σικελίαν
1056 2818 1164 2901 αὔξων
1194 2816 1296 2890 αὐτοῦ
1321 2823 1382 2912 τὴν

227 2927 355 3017 τρυφήν
378 2935 437 2996 etc.
481 2929 550 2994 Iam
580 2928 656 2996 licet
684 2928 734 2995 his
763 2949 806 2995 ex
834 2928 1011 2994 rationibus
1039 2927 1165 3010 aliquid
1193 2935 1382 3012 computare

228 3032 268 3098 de
291 3039 434 3117 tempore
456 3032 585 3098 fabulae
608 3031 766 3098 Alexidis.
812 3029 914 3097 Omne
936 3049 1072 3096 acumen
1101 3029 1256 3096 irrisionis
1279 3030 1382 3100 hebes

228 3137 413 3219 mansisset,
436 3136 499 3203 nisi
521 3135 711 3218 Dionysius,
734 3153 806 3199 oum
829 3132 981 3216 Cyclopis
1003 3151 1141 3214 persona
1163 3136 1264 3198 tectus
1288 3133 1380 3198 uelli-

228 3241 369 3318 caretur,
398 3238 431 3303 in
458 3238 541 3304 uiuis
568 3237 697 3318 fuisset,
730 3241 872 3301 mortuus
894 3240 1002 3300 autem
1027 3242 1075 3298 est
1096 3253 1125 3298 a.
1143 3234 1214 3297 307.
1260 3232 1380 3300 Iamsi

228 3337 319 3401 initio
343 3336 392 3402 Ol.
408 3341 448 3402 97
472 3339 502 3404 h.
522 3359 549 3405 e.
574 3359 620 3405 ca.
643 3359 672 3403 a.
685 3339 746 3401 390
775 3342 884 3402 natum
908 3355 978 3402 esse
1000 3334 1172 3400 Alexidem
1201 3353 1218 3400 e
1242 3333 1379 3401 Thurio-

227 3457 297 3506 rum
327 3437 419 3502 clade
449 3460 496 3504 oa.
519 3438 568 3506 01.
589 3442 675 3523 97‚3
703 3445 790 3506 recte
819 3437 974 3506 conclusit
1000 3435 1181 3502 Meinekius
1211 3435 1284 3501 hist.
1309 3437 1378 3501 crit.

226 3558 259 3621 p.
273 3541 311 3602 37
316 3543 400 3622 5sq,
423 3540 541 3607 referre
557 3542 733 3624 poterimus
747 3541 876 3607 fabulae
891 3541 1050 3606 actionem
1072 3538 1104 3603 in
1125 3537 1379 3604 adulescentiam

225 3647 350 3726 poetae.

313 3743 479 3822 Quacum
501 3744 737 3828 computatione
759 3742 914 3823 concinit,
943 3741 1030 3824 quod
1052 3737 1217 3826 δεσπότης
1242 3741 1299 3806 ille
1321 3738 1377 3806 flo-

226 3849 315 3914 ridos
337 3866 437 3913 annos
460 3844 672 3929 iampridem
694 3861 841 3926 egressus
865 3843 898 3906 in
920 3862 1037 3908 scaena
1058 3843 1313 3926 proponebatur,
1342 3841 1375 3906 id

227 3950 313 4033 quod
335 3950 478 4032 sequitur
501 3966 542 4014 ex
564 3945 671 4012 uerbis
699 3941 784 4009 ποτὲ
813 3941 966 4030 διέτριψε
992 3945 1205 4029 μειρακίσκος
1227 3934 1283 4006 νίν.
1327 3942 1376 4006 Ac
