3028 4672
268 235 329 293 180
629 230 760 301 Georgius
777 190 911 286 Ricardus
929 227 1047 284 Hohaud

266 407 400 474 monstri
422 406 653 472 immanitatem
669 425 766 489 quam
787 402 1046 488 anthropophagi
1068 401 1308 485 impudentiam
1325 401 1415 468 deno-

266 516 361 592 tasse,
387 509 514 574 omnino
537 507 642 591 magis
656 506 828 574 Homerico
851 504 1035 572 charactere
1057 503 1228 570 induxisse
1245 502 1416 588 Cyclopem

267 630 364 694 quam
386 610 526 693 satyrico
548 609 601 674 uel
624 629 678 692 ec,
708 610 762 692 qui
790 613 904 691 postea
930 607 1060 672 demum
1088 607 1121 671 in
1150 604 1361 687 dithyrambc
1389 613 1416 672 et

267 709 434 778 comoedia
455 711 601 776 obtinuit.

352 811 501 878 ceterum
517 810 558 876 de
573 809 737 877 Timothei
753 809 897 894 Cyclope
911 829 1016 893 pauca
1030 813 1152 874 tantum
1172 829 1216 875 ex
1233 811 1417 894 fragmentis

268 915 405 997 aliisque
428 913 555 978 indiciis
579 913 759 978 coniectare
788 931 958 995 possumus
988 912 1199 992 congruentia
1228 919 1339 978 tamen
1365 913 1417 977 illa

268 1016 398 1099 quidem
415 1035 487 1080 cum
501 1016 564 1081 ista
579 1013 730 1098 Cyclopis
745 1012 864 1078 indole.
901 999 951 1078 Ne
973 1012 1015 1078 de
1037 1018 1183 1096 tempore
1203 1013 1337 1097 quidem
1359 1034 1416 1097 quc

268 1117 348 1183 editi
377 1117 440 1183 sint
462 1116 620 1200 Cyclopes
643 1112 805 1180 Timothei
834 1118 867 1179 et
888 1112 1061 1180 Philoxeni
1089 1133 1197 1196 neque
1226 1122 1299 1182 uter
1326 1117 1415 1200 prior,

267 1224 338 1284 uter
358 1219 532 1302 posterior,
562 1217 641 1283 satis
662 1217 774 1299 liquet.
818 1213 990 1281 Philoxeni
1013 1214 1258 1298 dithyrambum
1281 1237 1344 1283 non
1365 1237 1415 1300 pc-

267 1320 366 1385 tuisse
388 1325 462 1385 ante
485 1317 533 1384 Ol.
548 1321 631 1402 93,4
653 1319 707 1402 agi
729 1322 843 1402 postea
864 1316 1063 1400 uidebimus,
1087 1318 1170 1383 solet
1193 1323 1306 1384 autem
1328 1339 1348 1383 a
1370 1336 1413 1381 rc·

268 1421 461 1488 centicribus
476 1426 550 1486 ante
565 1419 727 1486 Timothei
743 1438 870 1485 carmen
892 1417 1037 1502 proferri.
1073 1417 1140 1484 Sed
1163 1420 1298 1485 omnino
1320 1418 1413 1484 nesci-

267 1542 354 1606 mus,
385 1522 513 1606 quando
535 1520 722 1588 Timotheus
744 1519 909 1604 scripserit
931 1518 1123 1604 Cyclopem,
1151 1523 1218 1588 nisi
1240 1521 1323 1587 forte
1345 1518 1414 1584 inde

269 1623 348 1707 quid
363 1625 554 1691 concludere
568 1624 689 1708 licebit,
713 1623 800 1706 quod
817 1623 925 1706 priore
947 1621 1018 1688 loco
1040 1621 1192 1688 laudatur
1214 1624 1258 1688 ab
1281 1622 1414 1705 optimae

267 1724 345 1791 fidei
367 1733 498 1793 auctore
520 1726 712 1792 Aristoxeno
735 1725 768 1789 in
790 1722 890 1790 schol.
906 1723 943 1787 Il.
960 1725 1018 1806 IX,
1031 1726 1111 1806 2193
1140 1730 1173 1789 et
1202 1726 1307 1808 ipsius
1331 1729 1413 1788 actas

268 1826 431 1892 Timothei
453 1826 515 1893 hoc
536 1827 664 1892 uidetur
685 1826 905 1911 comprobare.
949 1825 1076 1890 Etenim
1098 1826 1126 1891 si
1148 1827 1303 1891 marmori
1325 1823 1412 1889 Pario

269 1946 319 2011 ep.
334 1930 374 1991 70
396 1926 476 1993 fides
499 1931 547 1993 est
569 1926 727 2011 habenda,
750 1933 842 1994 natus
865 1932 935 1992 erat
957 1925 1006 1992 01.
1022 1928 1073 2008 83,
1087 1927 1106 1988 2
1121 1955 1164 1977 =
1180 1931 1256 2011 447,
1279 1931 1412 1992 mortuus

268 2028 321 2095 01.
336 2033 406 2116 105,
419 2033 439 2092 4
450 2057 493 2082 =
506 2031 577 2112 357,
600 2048 672 2095 cum
687 2028 803 2095 eodem
817 2033 947 2094 auctore
970 2047 1020 2111 ep.
1033 2030 1074 2091 69
1096 2028 1314 2096 Philoxeniae
1334 2026 1412 2091 uitae

268 2131 395 2198 termini
418 2137 595 2199 statuantur
617 2129 668 2197 Ol.
687 2129 737 2214 86,
751 2133 770 2193 2
782 2159 824 2180 =
836 2133 897 2195 435
921 2135 953 2196 et
975 2128 1025 2195 01.
1041 2133 1111 2215 100,
1126 2133 1140 2192 1
1153 2159 1198 2182 ==
1211 2133 1284 2196 380.
1327 2126 1412 2194 Acci-

267 2234 374 2316 pimus
407 2241 515 2300 autem
546 2233 764 2299 familiaritate
796 2232 935 2316 quadam
964 2230 1184 2298 citharoedum
1216 2233 1411 2300 coniunctum

269 2335 369 2402 fuisse
391 2356 463 2402 cum
481 2335 636 2418 Euripide
659 2335 791 2418 tragico,
814 2334 870 2417 qui
892 2334 1130 2401 adulescentem
1153 2336 1325 2420 explosum
1346 2349 1411 2396 oon·

270 2436 433 2503 solabatur
448 2437 499 2514 (cf.
516 2437 599 2502 Plut.
615 2457 657 2502 an
672 2456 737 2503 sen.
754 2457 778 2503 s.
795 2456 861 2520 ger.
874 2457 898 2500 r.
922 2456 948 2501 c.
962 2438 1003 2500 23
1026 2456 1057 2519 p.
1071 2439 1131 2500 795
1139 2435 1184 2519 d),
1210 2454 1348 2519 quocum
1361 2431 1412 2496 Ar·

269 2536 375 2603 chelai
403 2537 544 2621 hospitio
572 2537 736 2603 fruebatur
764 2538 815 2615 (cf.
837 2537 920 2602 Plut.
943 2536 984 2602 de
1004 2537 1097 2602 Alex.
1119 2537 1190 2603 fort.
1222 2556 1254 2622 p.
1269 2538 1356 2618 334),
1384 2532 1413 2594 in

271 2639 360 2704 cuius
383 2636 609 2722 cenotaphium
635 2639 834 2722 epigramma
862 2638 1079 2721 composuisse
1107 2638 1341 2722 perhibebatur
1367 2631 1411 2710 (cl.

271 2741 415 2824 Bippart.
439 2740 460 2804 l.
473 2740 494 2804 l.
518 2761 549 2823 p.
561 2741 679 2821 58sq.).
723 2739 829 2821 Atque
851 2746 926 2804 ante
947 2740 1061 2822 tragici
1083 2740 1228 2806 fabulam
1248 2740 1412 2824 satyricam

270 2843 438 2926 scripsisse
467 2840 674 2907 Timotheum
703 2860 832 2907 carmen
859 2859 952 2906 suum
984 2841 1042 2907 uix
1074 2841 1229 2908 credibile
1243 2846 1280 2926 ¹);
1313 2837 1411 2925 potius

272 2945 513 3011 adulescentem
541 2943 676 3009 senioris
704 2948 821 3026 poetae
849 2942 988 3025 uestigia
1014 2943 1170 3027 pressisse
1200 2945 1271 3010 ueri
1304 2938 1410 3016 simile,

272 3067 467 3130 quamquam
481 3043 563 3110 haec
577 3045 685 3111 omnia
699 3044 808 3127 specie
823 3045 926 3128 magIs
941 3044 1081 3127 quadam
1102 3044 1339 3129 probabilitatis
1360 3038 1411 3106 ad·

271 3149 369 3215 missa
391 3169 488 3231 quam
510 3147 727 3214 demonstrata
749 3165 819 3213 esse
842 3146 1054 3213 concedimus.
1095 3146 1189 3213 Certe
1211 3154 1286 3214 ante
1309 3142 1410 3211 oculos

272 3247 425 3315 hahuisse
440 3250 645 3317 Timotheum
667 3247 832 3333 Euripidis
855 3247 967 3314 drama
989 3268 1052 3314 uno
1074 3248 1252 3332 fragmento
1276 3261 1411 3327 compro·

271 3349 429 3415 bebimus.
474 3352 587 3434 Neque
611 3351 713 3434 magis
743 3356 830 3416 certa
858 3351 974 3418 scimus
1003 3349 1044 3415 de
1073 3351 1221 3417 carminis
1248 3347 1356 3414 indole
1383 3343 1411 3406 et

273 3457 471 3532 argumento.
505 3453 594 3517 Bene
616 3451 731 3517 meruit
752 3450 793 3518 de
809 3451 979 3518 Timotheo
995 3451 1153 3536 Georgius
1169 3452 1318 3537 Bippart:
1341 3442 1409 3511 Phi·

273 3551 338 3617 lox.
352 3551 491 3618 Timoth.
503 3553 572 3618 Tel.
588 3552 781 3634 dithyramb.
800 3554 869 3619 rell.
892 3554 979 3637 Lips.
993 3554 1084 3636 1843,
1108 3554 1163 3636 qui
1178 3554 1273 3637 longe
1287 3547 1410 3633 superat

273 3652 421 3718 Mauricii
443 3652 590 3719 Schmidt
617 3655 650 3719 in
679 3653 805 3719 diatrib.
827 3655 860 3719 in
881 3653 998 3737 dithyr.
1017 3656 1098 3718 1845
1128 3656 1161 3720 in
1188 3644 1408 3722 coaceruandis

361 3804 386 3864 1)
404 3801 474 3856 Mire
491 3802 594 3856 errauit
610 3801 777 3870 Hartungius
794 3802 824 3856 in
840 3799 926 3870 praef.
937 3801 999 3856 edit.
1009 3801 1075 3858 Eur.
1087 3803 1159 3874 cycl.
1178 3809 1231 3874 p.8
1250 3795 1407 3858 contendens

271 3886 503 4029 {ffifppffiufflisse
520 3886 645 3958 Euripidi
665 3890 774 3957 praeter
792 3885 945 3942 Choerilum
962 3886 995 3955 (i)
1012 3891 1040 3942 et
1056 3889 1186 3946 Aristium
1204 3885 1368 3943 Timotheum
1384 3876 1408 3928 ct
