2998 4674
260 241 322 300 262
441 315 445 323 ³
621 242 753 309 Georgius
770 241 904 297 Ricardus
921 239 1039 296 Holland
1100 235 1105 246 '

259 417 363 484 tendit
383 417 525 482 Komius
546 415 589 481 ad
610 414 670 481 On.
686 420 760 481 met.
775 415 856 480 XIII
877 435 908 480 n.
922 417 994 496 784,
1017 434 1175 499 ueremur,
1197 435 1239 481 ne
1262 436 1409 499 compro·

259 521 329 586 bari
351 524 499 601 nequeat.
535 517 604 584 Neo
625 519 729 600 magle
752 523 877 583 constat
899 515 940 582 de
958 517 1197 584 comoediarum
1219 523 1252 583 ct
1266 519 1408 583 Alexan·

260 622 423 687 drinorum
446 620 639 703 epylliorum
662 625 790 704 praeter
811 618 1036 685 Theocritenm
1061 621 1266 703 anctoritate,
1298 639 1408 702 quam-

260 744 357 808 quam
380 724 421 788 de
443 721 495 788 his
517 722 652 788 fortasse
674 723 772 805 panlo
793 722 909 788 molins
932 722 1148 788 edocebimus.

344 825 434 892 Unus
455 831 564 907 restat,
586 824 676 890 onius
698 825 837 907 uestigia
858 824 1027 890 manifesto
1049 824 1155 890 ferunt
1175 823 1219 888 ad
1237 822 1408 890 Ouidium:

259 927 476 1009 Vergilius.
513 925 576 1003 Qui
592 946 664 991 cum
679 925 762 992 hanc
777 926 929 1008 fabulam,
953 927 1073 1009 quippe
1091 945 1175 1008 quae
1197 926 1410 993 celeberrima

260 1035 345 1096 esset
359 1029 442 1092 iuter
456 1034 601 1110 pastores
617 1027 754 1110 Sionlos,
777 1028 810 1092 in
824 1027 980 1094 bucolicis
999 1047 1097 1112 saepe
1118 1027 1261 1110 tetigerit
1284 1033 1316 1092 et
1339 1048 1408 1094 ner·

260 1138 330 1196 tens
357 1129 524 1212 exemplar
545 1128 772 1195 Theocritenm
800 1135 833 1194 et
860 1130 1035 1194 sententias
1064 1129 1126 1196 hoo
1156 1129 1190 1193 in
1218 1137 1409 1212 argumento

260 1233 415 1314 genuinas
430 1249 490 1313 per
508 1230 702 1297 imitationes
725 1251 799 1298 suas
822 1230 1021 1314 dispergens,
1044 1250 1108 1313 qua
1130 1229 1172 1294 de
1193 1251 1228 1296 re
1250 1252 1329 1296 mox
1352 1233 1408 1296 im-

259 1334 391 1416 pensius
413 1331 622 1416 disseremus,
652 1339 748 1417 atque
774 1334 807 1398 in
828 1333 991 1399 Aeneidos
1018 1333 1101 1398 libro
1122 1331 1171 1396 III
1193 1353 1245 1399 nn.
1263 1335 1326 1397 588
1338 1353 1407 1416 sqq.

260 1435 452 1518 Polyphemi
474 1455 644 1519 personam
672 1435 835 1502 induxerit
862 1442 895 1502 et
921 1437 1027 1519 ipsam
1048 1440 1081 1499 et
1101 1435 1144 1499 ab
1165 1435 1408 1502 Achaemenide

260 1543 399 1621 panente
422 1535 633 1620 descriptam,
663 1539 791 1620 aequali
812 1544 929 1620 poetae
950 1558 1015 1603 non
1036 1557 1133 1603 unam
1154 1543 1276 1602 tantum
1299 1558 1407 1604 aemu-

259 1639 349 1705 landi
371 1639 487 1704 obtnlit
511 1659 623 1704 ansam
651 1639 794 1717 (nimium
816 1638 895 1705 dioit
915 1639 1026 1705 Wash.
1048 1659 1080 1721 p.
1096 1640 1176 1714 125).
1221 1639 1258 1703 In
1281 1638 1407 1704 delioiIs

180 1819 183 1824 Δ
259 1740 435 1806 habitaculi
455 1739 665 1824 congerendis
687 1748 761 1806 met.
776 1741 866 1825 XIII,
882 1743 1022 1824 810sqq.
1045 1760 1109 1807 non
1124 1739 1309 1807 dubitamus
1332 1742 1407 1824 quin

260 1841 378 1908 Ouidio
394 1843 555 1908 obuersati
569 1843 633 1909 sint
647 1844 711 1908 loci
722 1843 909 1927 Vergiliani,
933 1845 1045 1927 quales
1060 1842 1161 1910 habes
1177 1843 1236 1908 col.
1252 1842 1278 1926 I,
1292 1844 1333 1906 80
1343 1863 1406 1925 sq:

666 1951 739 2011 snnt
759 1946 852 2012 nobis
874 1947 965 2011 mitIa
985 1965 1116 2029 poma,

324 2051 528 2114 castaneae
542 2046 656 2112 molles
672 2054 706 2112 et
718 2049 821 2132 pressi
837 2049 931 2132 copia
944 2047 1054 2130 lactis,
1081 2047 1135 2112 nel
1150 2046 1287 2129 eolllII,
1297 2049 1404 2129 eosq:

326 2147 419 2215 Stant
440 2155 472 2214 et
494 2149 632 2232 iuniperi
655 2155 688 2214 et
708 2154 928 2216 castaneae
951 2149 1110 2233 hirsutae,

323 2257 422 2316 strata
443 2252 550 2318 iacent
572 2251 694 2334 passim
716 2271 775 2317 sua
796 2271 943 2334 quaeque
965 2253 1024 2318 sub
1046 2251 1159 2316 arbore
1181 2270 1314 2332 poma,

260 2371 339 2433 prae
361 2353 475 2419 ceteris
497 2372 574 2419 uero
597 2353 656 2418 eol.
672 2353 714 2437 Π,
730 2357 864 2442 51sqq.:

324 2456 394 2538 ipse
417 2474 477 2537 ego
500 2474 581 2520 cana
602 2455 709 2537 legam
732 2461 843 2521 tenera
864 2457 1016 2539 lanugine
1037 2454 1141 2519 mala

324 2564 609 2640 castaneasque
631 2577 744 2642 nuces,
766 2577 839 2623 mea
861 2578 941 2641 quas
960 2557 1134 2640 Amaryllis
1157 2557 1303 2639 amabat,

323 2657 442 2723 addam
465 2679 584 2724 oerea
604 2678 748 2742 pruna:
772 2657 873 2726 honos
892 2662 952 2724 erit
973 2659 1048 2725 huie
1070 2679 1198 2741 quoqne
1220 2678 1353 2742 pomo;

259 2759 315 2825 nbi
337 2759 466 2842 Corydo
491 2779 624 2844 puerum
653 2779 744 2825 suum
774 2759 947 2827 delicatum
966 2761 1096 2826 Alexim
1118 2767 1153 2826 ut
1175 2759 1218 2825 ad
1240 2781 1275 2826 se
1297 2761 1403 2826 ueniat

259 2862 409 2947 precibus
423 2881 486 2927 non
504 2861 608 2928 minns
631 2858 784 2926 desiderii
806 2862 911 2944 plenis
933 2882 1029 2944 qnam
1046 2862 1197 2947 Cyclopis
1218 2881 1279 2928 neo
1301 2863 1401 2926 minus

260 2966 357 3030 irritis
385 2965 544 3047 implorat
589 2962 735 3029 Eundem
758 2969 866 3030 autem
888 2985 965 3048 prae
988 2985 1023 3030 se
1045 2966 1150 3031 ferunt
1176 2963 1306 3045 siquid
1335 2983 1400 3028 sen-

259 3068 356 3134 timus
378 3069 519 3134 colorem
541 3085 668 3149 uersus,
691 3066 748 3131 nbi
769 3086 883 3133 munus
905 3068 1081 3134 catulorum
1102 3067 1283 3132 nrsinorum
1305 3065 1399 3131 deno-

259 3175 343 3235 tatur
365 3190 417 3236 uu.
433 3172 495 3234 834
506 3188 594 3252 sqq:
995 3173 1002 3186 '

388 3273 496 3337 inueni
518 3272 679 3354 geminos,
702 3273 758 3354 qni
779 3278 885 3339 tecum
906 3271 1018 3338 ludere
1039 3270 1180 3357 possint,

388 3375 470 3439 inter
492 3393 528 3440 se
549 3374 686 3458 similes,
710 3375 766 3439 uix
788 3381 822 3440 nt
844 3374 1032 3458 dignoscere
1054 3374 1175 3458 possis,

388 3476 522 3542 uillosae
545 3476 668 3541 catulos
690 3475 729 3540 in
751 3479 911 3544 snmmIs
934 3475 1135 3542 montibus
1158 3494 1267 3557 ursae,

388 3576 498 3640 inueni
519 3582 551 3641 et
572 3574 659 3640 dixi:
682 3576 830 3644 dominae
853 3579 1104 3644 seruabimus
1126 3578 1214 3644 istor.

261 3685 293 3743 et
315 3677 491 3761 Vergiliani
513 3677 572 3743 eol.
588 3678 629 3758 H,
645 3679 685 3739 40
694 3696 779 3760 sqq:

388 3784 556 3864 praeterea
576 3778 640 3844 dno
662 3798 735 3844 neo
756 3786 843 3846 tnta
863 3779 942 3844 mihi
964 3781 1072 3847 ualle
1094 3781 1212 3864 reperti

389 3882 546 3966 capreoli,
568 3881 689 3965 sparsis
712 3882 808 3946 etiam
831 3902 914 3948 nune
936 3883 1074 3967 pellibus
1095 3883 1187 3966 albo;

387 3986 464 4051 bina
481 3983 536 4052 die
557 3985 679 4050 elocant
700 3983 769 4051 oum
791 3983 906 4051 ubera:
935 4005 1015 4069 quos
1037 3984 1097 4051 tibi
1119 4005 1249 4052 senno.
