3028 4672
282 251 343 310 178
644 246 776 314 Georgius
793 245 927 302 Ricardus
945 244 1064 302 Holland

1487 347 1488 408 i

282 421 446 490 metandis
468 418 661 487 carminibus
683 417 845 484 Timothei
868 417 1085 503 disorepantia
1106 415 1224 484 effeoit
1253 418 1429 501 ambiguum
1487 421 1488 432 ¹

284 526 382 591 trisse
410 539 527 589 nomen
556 520 731 588 earminum
757 521 873 603 quibus
901 520 1043 586 maxime
1069 516 1204 586 floreret
1234 517 1429 586 citharoedus

284 626 445 708 Milesius,
468 621 579 705 νόμων
595 627 627 688 et
642 619 871 707 διθυράμβων,
895 621 1045 704 quoniam
1067 619 1261 688 uiderentur
1283 641 1429 705 gramma

285 728 356 793 tiois
378 726 511 810 propius
532 723 688 791 aoeedere
710 723 754 790 ad
775 722 1014 806 dithyrambum
1034 723 1254 788 reoentiorem
1268 722 1429 790 Philoxeni

285 848 382 912 quam
403 826 446 894 ad
467 827 607 910 prisoum
628 844 758 892 nomum
780 823 970 909 Terpandri.
1008 822 1119 902 Quin?
1157 824 1280 891 Nonne
1301 829 1429 890 statuere

283 929 489 997 lieet-etiam
517 926 700 993 Aristotelis
726 925 799 992 loeo
828 911 1048 1010 dithyrambos
1078 931 1111 990 et
1137 947 1260 994 nomos
1289 945 1347 1018 pro
1375 944 1430 989 uno

286 1049 402 1114 genere
424 1028 590 1112 oopnlatos
612 1046 683 1093 esse
704 1028 751 1092 ita
773 1027 913 1110 quidem,
935 1033 971 1092 nt
992 1028 1179 1111 exemplum
1202 1028 1250 1094 ad
1271 1033 1428 1107 utrumque

286 1151 387 1216 genus
402 1129 563 1213 quadrans
578 1128 714 1194 eleotnm
737 1129 793 1194 sit:
815 1124 999 1204 Κύκλωπες
1011 1131 1043 1207 ¹).
1079 1129 1150 1196 Ηοο
1173 1131 1204 1195 si
1226 1149 1350 1211 uerum,
1370 1133 1429 1192 tex·

287 1239 337 1300 tus
359 1233 429 1315 ipse
444 1251 508 1296 non
526 1228 623 1296 modo
643 1229 765 1295 indioat
786 1229 920 1295 duorum
943 1251 984 1297 ex
1005 1232 1106 1298 tribus
1127 1232 1308 1314 generibus
1329 1234 1429 1313 poetas

286 1331 489 1422 Timotheum
516 1337 549 1399 et
569 1329 799 1414 Philoxenum,
828 1331 886 1398 sed
914 1333 1099 1418 suppeditat
1126 1333 1230 1400 etiam
1260 1329 1429 1414 corruptela

286 1435 425 1518 tertium,
447 1435 537 1502 ouius
553 1453 594 1500 ex
609 1433 738 1500 nomine
759 1434 911 1499 remansit
932 1433 1013 1499 illud
1032 1470 1074 1480 —
1091 1435 1163 1518 γᾶς.
1203 1433 1355 1501 Dubitari
1374 1449 1429 1495 non
1487 1515 1488 1518 ρ

286 1542 403 1620 potest,
427 1537 503 1619 quin
518 1532 708 1602 Timotheus
722 1535 1011 1618 repraesentarent
1026 1535 1163 1602 sublime
1187 1557 1303 1620 genus,
1324 1536 1427 1620 potest,
1487 1545 1488 1608 ι

286 1643 392 1703 utrum
413 1636 610 1704 Philoxenus
633 1636 795 1702 mediocre
823 1656 864 1702 an
893 1635 1045 1703 infimum.
1090 1637 1308 1704 Commendat
1333 1643 1429 1701 tamen
1487 1621 1488 1624 '

287 1739 412 1806 indoles
427 1737 611 1804 Philoxenii
624 1738 784 1820 poematis
798 1738 912 1822 magis,
934 1743 970 1803 nt
983 1739 1072 1821 prius
1094 1744 1266 1824 statuatur,
1290 1737 1427 1822 quonian

288 1838 460 1922 Cytherius
482 1842 518 1902 ut
538 1844 652 1920 postea
673 1837 854 1904 uidebimus
877 1838 1073 1922 Cyclopeam
1101 1846 1256 1907 naturam
1284 1841 1428 1906 humanae

289 1938 514 2022 circumdedit,
543 1939 663 2020 optime
686 1939 782 2022 igitur
804 1941 852 2005 sie
872 1947 908 2005 ut
929 1940 1092 2008 hominem
1114 1943 1307 2010 exhibuisse
1328 1939 1427 2024 Cyelo-

288 2061 364 2125 pem
386 2040 510 2106 dieitur.
555 2040 641 2123 llrgo
663 2038 833 2108 humillimi
855 2043 982 2125 generis
1008 2046 1196 2129 exemplum
1225 2046 1427 2112 desideratur:

288 2143 412 2210 nullum
433 2147 541 2209 autem
563 2142 670 2226 aptius
684 2143 861 2230 ,quaerenti
889 2163 924 2209 se
954 2143 1067 2210 offeret
1095 2165 1195 2229 quam
1222 2148 1268 2214 ab
1289 2139 1427 2213 Atheni

288 2266 320 2328 p.
335 2245 456 2327 tefsq.
477 2244 644 2310 traditum:
674 2235 813 2318 Εὔδικος
839 2240 875 2307 δὲ
897 2238 914 2307 δ
938 2243 1166 2329 γελωτοποιὸς
1188 2241 1363 2336 ηὐδοκίμει
1381 2265 1427 2324 μι-

289 2342 452 2426 μούμενος
467 2341 658 2420 παλαιστὰς
672 2344 728 2409 καὶ
742 2341 879 2424 πύκτας,
895 2336 941 2422 ὥς
956 2365 1059 2433 φησιν
1068 2340 1317 2434 Ἀριστόξενος·
1334 2339 1427 2429 Στρά-

289 2469 355 2508 τιον
378 2436 411 2508 δ>
429 2439 447 2508 δ
468 2451 671 2529 Ταραντῖνος
693 2443 900 2528 ἐθαυμάζετο
922 2445 1000 2525 τοὺς
1023 2447 1257 2536 διθυράμβους
1278 2446 1427 2535 μιμούγε·
1486 2497 1487 2500 ,

291 2561 363 2622 νος·
396 2541 469 2621 τὰς
501 2543 544 2609 δὲ
575 2545 845 2633 κιθαρῳδίας
876 2548 915 2614 οἱ
944 2552 1046 2635 περὶ
1077 2549 1150 2618 τδν
1184 2552 1230 2632 ἐξ
1257 2547 1427 2620 Ἰταλίας
1486 2539 1487 2582 i

295 2643 497 2725 Οἰνωνᾶν,
533 2643 577 2722 ὃς
609 2648 677 2712 καὶ
704 2647 914 2715 Κύκλωπα
946 2650 1143 2739 εἰσήγαγε
1174 2651 1428 2742 τερετίζοντα

288 2749 357 2814 καὶ
386 2745 564 2833 ναυαγὸν
590 2740 786 2813 Ὀδυσσέα
815 2750 1124 2836 σολοικίζοντα,
1154 2751 1172 2822 δ
1198 2751 1301 2834 αὐτός
1328 2770 1426 2841 φησιν·

291 2854 382 2919 Ηοεο
409 2851 565 2918 memoria
591 2869 715 2917 summa
741 2854 931 2920 anctoritate
959 2856 1092 2923 undae
1112 2859 1301 2928 Aristoxeni
1322 2857 1427 2922 Taren·

291 2957 360 3038 ιιηι,
383 2953 567 3022 Aristotelis
588 2952 748 3037 ειιιιριιι,
771 2954 862 3021 onus
883 2956 917 3020 in
937 2957 1084 3024 renonum
1104 2961 1184 3045 περι
1206 2958 1360 3046 τραγικῆς
1380 2941 1428 3032 io

290 3053 417 3142 χήσεως
444 3056 482 3122 ir.
495 3056 536 3120 48
558 3055 681 3139 relegat
701 3056 874 3124 Muellerus
895 3057 932 3122 ir.
948 3057 1022 3125 hist,
1038 3059 1151 3128 Graue.
1166 3063 1200 3128 11
1221 3085 1254 3148 p.
1270 3063 1347 3140 284,
1374 3068 1428 3118 11011

293 3162 397 3242 panea
410 3158 544 3244 praebet
559 3159 713 3242 expeditu
728 3157 882 3226 difficilia.
913 3159 1004 3226 Nihil
1020 3163 1105 3228 euim
1120 3165 1220 3231 soitur
1234 3163 1277 3229 de
1288 3161 1427 3228 Oenones

294 3260 490 3344 temporibus
505 3261 567 3326 uisi
583 3259 670 3343 quod
685 3279 727 3326 ex
741 3260 813 3344 ipso
832 3261 888 3327 illo
910 3262 983 3329 loeo
1006 3264 1166 3348 colligitur
1186 3271 1265 3332 natu
1286 3261 1426 3328 maiorem

295 3378 368 3424 eum
384 3379 454 3426 esse
469 3360 661 3428 Aristoxeno
676 3383 737 3428 nee
751 3362 885 3429 multum
899 3365 1021 3430 eonfert
1035 3365 1078 3431 ad
1092 3368 1322 3434 aoouratiorem
1337 3358 1426 3427 seien·
1485 3427 1486 3440 ¹

293 3462 373 3526 tiam
395 3459 483 3543 quod
505 3463 642 3529 eundem
671 3483 741 3530 esse
770 3464 904 3532 eredunt
931 3467 991 3533 uiri
1019 3467 1106 3535 dooti
1134 3470 1266 3553 (primus
1288 3463 1324 3530 Ο.
1346 3455 1424 3523 lehn.

294 3562 388 3647 proll.
405 3561 493 3627 Pers.
516 3582 548 3644 p.
560 3563 730 3630 LXXXVI
751 3564 859 3632 adnot.
876 3570 906 3642 3)
936 3571 991 3651 qui
1013 3569 1128 3635 eodem
1150 3571 1342 3637 Aristoxeno
1361 3572 1425 3623 auu

294 3673 363 3730 tore
387 3663 435 3738 (ir.
449 3665 490 3726 56
501 3663 556 3738 Μ.)
579 3665 620 3730 ab
642 3664 809 3732 Athenaeo
824 3667 902 3734 XIV
915 3690 947 3754 p.
960 3671 1050 3735 638b
1073 3670 1188 3738 dieitur
1208 3671 1267 3754 τῆς
1288 3666 1424 3741 uuiaet?

295 3766 371 3840 δίας
385 3765 520 3847 πρῶτος
535 3760 593 3831 ἐπὶ
608 3761 645 3830 τδ
662 3767 791 3851 γελοῖον
805 3766 968 3854 παρῳδὰς
983 3765 1098 3856 εὑρεῖν,
1124 3769 1324 3844 Οἰνώπας,
1347 3758 1424 3828 ouius

296 4000 322 4054 d·
385 3914 488 4054 {llNon
501 3917 542 3970 est
553 3916 684 3970 traditum
699 3916 896 3988 dithyrambum
915 3917 998 3976 luisse
1010 3919 1144 3976 Timothei
1157 3921 1298 3991 Cyclopem
1315 3911 1348 3968 cf,
1359 3901 1423 3961 Roh,
1484 3893 1486 3916 l

314 4017 369 4054 rum
398 4044 431 4056 ,,
