<?xml version="1.0" encoding="UTF-8"?>
<!DOCTYPE html PUBLIC "-//W3C//DTD XHTML 1.0 Transitional//EN"
    "http://www.w3.org/TR/xhtml1/DTD/xhtml1-transitional.dtd">
<html xmlns="http://www.w3.org/1999/xhtml" xml:lang="en" lang="en">
 <head>
  <title>
</title>
<meta http-equiv="Content-Type" content="text/html;charset=utf-8" />
  <meta name='ocr-system' content='tesseract 3.04.00' />
  <meta name='ocr-capabilities' content='ocr_page ocr_carea ocr_par ocr_line ocrx_word'/>
</head>
<body>
  <div class='ocr_page' id='page_1' title='image "./depolyphemoetga00hollgoog_0097.png"; bbox 0 0 3028 4672; ppageno 0'>
   <div class='ocr_carea' id='block_1_1' title="bbox 272 228 1058 298">
    <p class='ocr_par' dir='ltr' id='par_1_1' title="bbox 272 228 1058 298">
     <span class='ocr_line' id='line_1_1' title="bbox 272 228 1058 298; baseline -0.006 -10"><span class='ocrx_word' id='word_1_1' title='bbox 272 229 336 288; x_wconf 81' lang='lat'>224</span> <span class='ocrx_word' id='word_1_2' title='bbox 639 229 771 298; x_wconf 73' lang='lat' dir='ltr'>Georgius</span> <span class='ocrx_word' id='word_1_3' title='bbox 788 228 923 284; x_wconf 83' lang='lat' dir='ltr'>Ricardus</span> <span class='ocrx_word' id='word_1_4' title='bbox 940 229 1058 284; x_wconf 85' lang='lat' dir='ltr'>Helland</span> 
     </span>
    </p>
   </div>
   <div class='ocr_carea' id='block_1_2' title="bbox 261 400 1495 3840">
    <p class='ocr_par' dir='ltr' id='par_1_2' title="bbox 271 400 1409 793">
     <span class='ocr_line' id='line_1_2' title="bbox 272 400 1409 489; baseline -0.002 -19"><span class='ocrx_word' id='word_1_5' title='bbox 272 403 505 489; x_wconf 89' lang='lat' dir='ltr'>Apollodorum</span> <span class='ocrx_word' id='word_1_6' title='bbox 529 403 665 470; x_wconf 84' lang='lat' dir='ltr'>Geloum</span> <span class='ocrx_word' id='word_1_7' title='bbox 694 402 745 478; x_wconf 85' lang='lat' dir='ltr'>(cf.</span> <span class='ocrx_word' id='word_1_8' title='bbox 768 400 858 467; x_wconf 89' lang='lat' dir='ltr'>Suid.</span> <span class='ocrx_word' id='word_1_9' title='bbox 875 421 899 468; x_wconf 93' lang='lat' dir='ltr'>s.</span> <span class='ocrx_word' id='word_1_10' title='bbox 912 405 955 478; x_wconf 86' lang='lat' dir='ltr'>u.)</span> <span class='ocrx_word' id='word_1_11' title='bbox 984 401 1186 486; x_wconf 87' lang='lat' dir='ltr'>potissimum</span> <span class='ocrx_word' id='word_1_12' title='bbox 1214 403 1311 468; x_wconf 89' lang='lat' dir='ltr'>talem</span> <span class='ocrx_word' id='word_1_13' title='bbox 1332 403 1409 470; x_wconf 87' lang='lat' dir='ltr'>iabu-</span> 
     </span>
     <span class='ocr_line' id='line_1_3' title="bbox 271 502 1409 588; baseline 0.002 -20"><span class='ocrx_word' id='word_1_14' title='bbox 271 505 336 569; x_wconf 89' lang='lat' dir='ltr'>lam</span> <span class='ocrx_word' id='word_1_15' title='bbox 355 506 523 588; x_wconf 76' lang='lat' dir='ltr'>scripsisse</span> <span class='ocrx_word' id='word_1_16' title='bbox 538 524 579 570; x_wconf 94' lang='lat' dir='ltr'>ex</span> <span class='ocrx_word' id='word_1_17' title='bbox 593 505 707 588; x_wconf 87' lang='lat' dir='ltr'>patriis</span> <span class='ocrx_word' id='word_1_18' title='bbox 722 503 843 587; x_wconf 84' lang='lat' dir='ltr'>mythis</span> <span class='ocrx_word' id='word_1_19' title='bbox 858 502 1015 586; x_wconf 75' lang='lat' dir='ltr'>haustam,</span> <span class='ocrx_word' id='word_1_20' title='bbox 1039 510 1145 568; x_wconf 88' lang='lat' dir='ltr'>tamen</span> <span class='ocrx_word' id='word_1_21' title='bbox 1161 523 1225 569; x_wconf 93' lang='lat' dir='ltr'>non</span> <span class='ocrx_word' id='word_1_22' title='bbox 1246 509 1313 570; x_wconf 88' lang='lat' dir='ltr'>tam</span> <span class='ocrx_word' id='word_1_23' title='bbox 1334 511 1409 570; x_wconf 87' lang='lat' dir='ltr'>certa</span> 
     </span>
     <span class='ocr_line' id='line_1_4' title="bbox 271 604 1409 691; baseline 0.002 -21"><span class='ocrx_word' id='word_1_24' title='bbox 271 625 323 673; x_wconf 87' lang='lat' dir='ltr'>res</span> <span class='ocrx_word' id='word_1_25' title='bbox 342 612 400 691; x_wconf 90' lang='lat' dir='ltr'>est,</span> <span class='ocrx_word' id='word_1_26' title='bbox 423 613 458 673; x_wconf 87' lang='lat' dir='ltr'>ut</span> <span class='ocrx_word' id='word_1_27' title='bbox 473 627 545 672; x_wconf 94' lang='lat' dir='ltr'>cum</span> <span class='ocrx_word' id='word_1_28' title='bbox 560 605 688 672; x_wconf 88' lang='lat' dir='ltr'>Rohdio</span> <span class='ocrx_word' id='word_1_29' title='bbox 712 605 765 683; x_wconf 89' lang='lat' dir='ltr'>(de</span> <span class='ocrx_word' id='word_1_30' title='bbox 780 605 844 670; x_wconf 82' lang='lat' dir='ltr'>lab.</span> <span class='ocrx_word' id='word_1_31' title='bbox 860 605 952 670; x_wconf 88' lang='lat' dir='ltr'>Rom.</span> <span class='ocrx_word' id='word_1_32' title='bbox 976 626 1008 688; x_wconf 90' lang='lat' dir='ltr'>p.</span> <span class='ocrx_word' id='word_1_33' title='bbox 1022 609 1062 667; x_wconf 80' lang='lat'>77</span> <span class='ocrx_word' id='word_1_34' title='bbox 1085 604 1193 671; x_wconf 86' lang='lat' dir='ltr'>adnot.</span> <span class='ocrx_word' id='word_1_35' title='bbox 1207 605 1238 681; x_wconf 82' lang='lat'>2)</span> <span class='ocrx_word' id='word_1_36' title='bbox 1263 605 1409 672; x_wconf 85' lang='lat' dir='ltr'>affirmare</span> 
     </span>
     <span class='ocr_line' id='line_1_5' title="bbox 271 706 1097 793; baseline -0.002 -20"><span class='ocrx_word' id='word_1_37' title='bbox 271 708 448 776; x_wconf 82' lang='lat' dir='ltr'>audeamus</span> <span class='ocrx_word' id='word_1_38' title='bbox 471 708 639 793; x_wconf 81' lang='lat' dir='ltr'>scripsisse</span> <span class='ocrx_word' id='word_1_39' title='bbox 661 707 896 792; x_wconf 91' lang='lat' dir='ltr'>Apollodorum</span> <span class='ocrx_word' id='word_1_40' title='bbox 918 706 1097 773; x_wconf 80' lang='lat' dir='ltr'>Galateam.</span> 
     </span>
    </p>

    <p class='ocr_par' dir='ltr' id='par_1_3' title="bbox 261 806 1495 3840">
     <span class='ocr_line' id='line_1_6' title="bbox 356 806 1410 892; baseline -0.001 -18"><span class='ocrx_word' id='word_1_41' title='bbox 356 810 458 876; x_wconf 91' lang='lat' dir='ltr'>Paulo</span> <span class='ocrx_word' id='word_1_42' title='bbox 474 811 590 877; x_wconf 85' lang='lat' dir='ltr'>certius</span> <span class='ocrx_word' id='word_1_43' title='bbox 605 810 759 876; x_wconf 91' lang='lat' dir='ltr'>iudicium</span> <span class='ocrx_word' id='word_1_44' title='bbox 774 809 850 875; x_wconf 84' lang='lat' dir='ltr'>ferri</span> <span class='ocrx_word' id='word_1_45' title='bbox 868 829 964 892; x_wconf 86' lang='lat' dir='ltr'>posse</span> <span class='ocrx_word' id='word_1_46' title='bbox 987 809 1079 875; x_wconf 88' lang='lat' dir='ltr'>nobis</span> <span class='ocrx_word' id='word_1_47' title='bbox 1102 806 1230 874; x_wconf 86' lang='lat' dir='ltr'>uidetur</span> <span class='ocrx_word' id='word_1_48' title='bbox 1252 808 1294 874; x_wconf 92' lang='lat' dir='ltr'>de</span> <span class='ocrx_word' id='word_1_49' title='bbox 1308 809 1410 876; x_wconf 89' lang='lat' dir='ltr'>Posi·</span> 
     </span>
     <span class='ocr_line' id='line_1_7' title="bbox 270 909 1411 996; baseline 0 -20"><span class='ocrx_word' id='word_1_50' title='bbox 270 910 386 996; x_wconf 91' lang='lat' dir='ltr'>dippi</span> <span class='ocrx_word' id='word_1_51' title='bbox 414 912 524 994; x_wconf 87' lang='lat' dir='ltr'>aliquo</span> <span class='ocrx_word' id='word_1_52' title='bbox 553 912 646 976; x_wconf 85' lang='lat' dir='ltr'>titulo</span> <span class='ocrx_word' id='word_1_53' title='bbox 674 911 775 977; x_wconf 91' lang='lat' dir='ltr'>tribus</span> <span class='ocrx_word' id='word_1_54' title='bbox 796 911 877 976; x_wconf 89' lang='lat' dir='ltr'>locis</span> <span class='ocrx_word' id='word_1_55' title='bbox 899 931 920 976; x_wconf 92' lang='lat' dir='ltr'>a</span> <span class='ocrx_word' id='word_1_56' title='bbox 942 909 1074 976; x_wconf 90' lang='lat' dir='ltr'>Polluce</span> <span class='ocrx_word' id='word_1_57' title='bbox 1096 916 1344 977; x_wconf 90' lang='lat' dir='ltr'>commemorato</span> <span class='ocrx_word' id='word_1_58' title='bbox 1364 911 1411 994; x_wconf 92' lang='lat' dir='ltr'>lV,</span> 
     </span>
     <span class='ocr_line' id='line_1_8' title="bbox 273 1010 1411 1096; baseline 0.002 -21"><span class='ocrx_word' id='word_1_59' title='bbox 273 1015 342 1076; x_wconf 84' lang='lat'>175.</span> <span class='ocrx_word' id='word_1_60' title='bbox 364 1012 435 1096; x_wconf 88' lang='lat' dir='ltr'>VH,</span> <span class='ocrx_word' id='word_1_61' title='bbox 451 1016 520 1076; x_wconf 89' lang='lat'>111.</span> <span class='ocrx_word' id='word_1_62' title='bbox 542 1012 585 1096; x_wconf 89' lang='lat' dir='ltr'>X,</span> <span class='ocrx_word' id='word_1_63' title='bbox 598 1015 638 1076; x_wconf 79' lang='lat'>22</span> <span class='ocrx_word' id='word_1_64' title='bbox 666 1031 793 1096; x_wconf 90' lang='lat' dir='ltr'>semper</span> <span class='ocrx_word' id='word_1_65' title='bbox 815 1012 881 1078; x_wconf 86' lang='lat' dir='ltr'>fere</span> <span class='ocrx_word' id='word_1_66' title='bbox 905 1011 1176 1078; x_wconf 80' lang='lat' dir='ltr'>consentientibus</span> <span class='ocrx_word' id='word_1_67' title='bbox 1199 1013 1362 1080; x_wconf 89' lang='lat' dir='ltr'>codicibus</span> <span class='ocrx_word' id='word_1_68' title='bbox 1382 1010 1411 1077; x_wconf 81' lang='grc' dir='ltr'>ἐν</span> 
     </span>
     <span class='ocr_line' id='line_1_9' title="bbox 271 1110 1413 1197; baseline 0.006 -23"><span class='ocrx_word' id='word_1_69' title='bbox 271 1110 415 1197; x_wconf 81' lang='grc' dir='ltr'><strong><em>Γαλάτῃ,</em></strong></span> <span class='ocrx_word' id='word_1_70' title='bbox 435 1119 660 1196; x_wconf 87' lang='lat' dir='ltr'>praeterquam</span> <span class='ocrx_word' id='word_1_71' title='bbox 676 1113 764 1197; x_wconf 91' lang='lat' dir='ltr'>quod</span> <span class='ocrx_word' id='word_1_72' title='bbox 779 1114 820 1197; x_wconf 88' lang='lat' dir='ltr'>X,</span> <span class='ocrx_word' id='word_1_73' title='bbox 834 1116 874 1176; x_wconf 81' lang='lat'>22</span> <span class='ocrx_word' id='word_1_74' title='bbox 889 1114 971 1179; x_wconf 88' lang='lat' dir='ltr'>liber</span> <span class='ocrx_word' id='word_1_75' title='bbox 986 1113 1308 1197; x_wconf 86' lang='lat' dir='ltr'>Falchenburgianus</span> <span class='ocrx_word' id='word_1_76' title='bbox 1324 1115 1413 1181; x_wconf 89' lang='lat' dir='ltr'>habet</span> 
     </span>
     <span class='ocr_line' id='line_1_10' title="bbox 269 1209 1412 1300; baseline 0.005 -24"><span class='ocrx_word' id='word_1_77' title='bbox 269 1209 303 1279; x_wconf 75' lang='grc' dir='ltr'>ἐν</span> <span class='ocrx_word' id='word_1_78' title='bbox 320 1209 457 1298; x_wconf 90' lang='grc' dir='ltr'><strong><em>Γάλατι,</em></strong></span> <span class='ocrx_word' id='word_1_79' title='bbox 482 1216 533 1281; x_wconf 94' lang='lat' dir='ltr'>cui</span> <span class='ocrx_word' id='word_1_80' title='bbox 555 1236 619 1280; x_wconf 91' lang='lat' dir='ltr'>non</span> <span class='ocrx_word' id='word_1_81' title='bbox 642 1217 775 1280; x_wconf 93' lang='lat' dir='ltr'>multum</span> <span class='ocrx_word' id='word_1_82' title='bbox 798 1214 928 1281; x_wconf 87' lang='lat' dir='ltr'>tribuas.</span> <span class='ocrx_word' id='word_1_83' title='bbox 964 1211 1097 1300; x_wconf 78' lang='grc' dir='ltr'><strong><em>Γαλάτῃ</em></strong></span> <span class='ocrx_word' id='word_1_84' title='bbox 1121 1215 1265 1281; x_wconf 88' lang='lat' dir='ltr'>datiuum</span> <span class='ocrx_word' id='word_1_85' title='bbox 1289 1216 1412 1282; x_wconf 88' lang='lat' dir='ltr'>deseen-</span> 
     </span>
     <span class='ocr_line' id='line_1_11' title="bbox 269 1313 1412 1401; baseline 0.003 -21"><span class='ocrx_word' id='word_1_86' title='bbox 269 1314 346 1381; x_wconf 88' lang='lat' dir='ltr'>dere</span> <span class='ocrx_word' id='word_1_87' title='bbox 369 1317 471 1381; x_wconf 87' lang='lat' dir='ltr'>uoluit</span> <span class='ocrx_word' id='word_1_88' title='bbox 492 1316 674 1383; x_wconf 86' lang='lat' dir='ltr'>Meinekius</span> <span class='ocrx_word' id='word_1_89' title='bbox 698 1337 718 1381; x_wconf 87' lang='lat' dir='ltr'>a</span> <span class='ocrx_word' id='word_1_90' title='bbox 739 1317 936 1382; x_wconf 90' lang='lat' dir='ltr'>nominatiuo</span> <span class='ocrx_word' id='word_1_91' title='bbox 961 1313 1128 1401; x_wconf 82' lang='grc' dir='ltr'><strong><em>Γαλάτῃς;</em></strong></span> <span class='ocrx_word' id='word_1_92' title='bbox 1151 1322 1185 1382; x_wconf 88' lang='grc'>61</span> <span class='ocrx_word' id='word_1_93' title='bbox 1207 1318 1272 1382; x_wconf 92' lang='lat' dir='ltr'>iam</span> <span class='ocrx_word' id='word_1_94' title='bbox 1296 1317 1412 1384; x_wconf 88' lang='lat' dir='ltr'>Salma-</span> 
     </span>
     <span class='ocr_line' id='line_1_12' title="bbox 268 1410 1413 1503; baseline 0.003 -20"><span class='ocrx_word' id='word_1_95' title='bbox 268 1417 334 1483; x_wconf 88' lang='lat' dir='ltr'>sius</span> <span class='ocrx_word' id='word_1_96' title='bbox 362 1438 421 1500; x_wconf 93' lang='lat' dir='ltr'>pro</span> <span class='ocrx_word' id='word_1_97' title='bbox 445 1410 577 1503; x_wconf 77' lang='grc' dir='ltr'><em>Γαλάτῃ</em></span> <span class='ocrx_word' id='word_1_98' title='bbox 604 1418 772 1502; x_wconf 91' lang='lat' dir='ltr'>proposuit</span> <span class='ocrx_word' id='word_1_99' title='bbox 797 1417 964 1503; x_wconf 79' lang='grc' dir='ltr'><strong><em>Γαλατείᾳ</em></strong></span> <span class='ocrx_word' id='word_1_100' title='bbox 993 1425 1025 1485; x_wconf 89' lang='grc'>61</span> <span class='ocrx_word' id='word_1_101' title='bbox 1052 1419 1281 1485; x_wconf 87' lang='lat' dir='ltr'>assentientem</span> <span class='ocrx_word' id='word_1_102' title='bbox 1309 1428 1413 1487; x_wconf 88' lang='lat' dir='ltr'>nactus</span> 
     </span>
     <span class='ocr_line' id='line_1_13' title="bbox 268 1517 1413 1604; baseline 0.002 -20"><span class='ocrx_word' id='word_1_103' title='bbox 268 1525 317 1585; x_wconf 90' lang='lat' dir='ltr'>est</span> <span class='ocrx_word' id='word_1_104' title='bbox 339 1519 482 1585; x_wconf 92' lang='lat' dir='ltr'>diuinum</span> <span class='ocrx_word' id='word_1_105' title='bbox 499 1521 680 1587; x_wconf 89' lang='lat' dir='ltr'>Bentleium</span> <span class='ocrx_word' id='word_1_106' title='bbox 696 1519 859 1585; x_wconf 90' lang='lat' dir='ltr'>Phalarid.</span> <span class='ocrx_word' id='word_1_107' title='bbox 883 1539 914 1603; x_wconf 91' lang='lat' dir='ltr'>p.</span> <span class='ocrx_word' id='word_1_108' title='bbox 928 1523 990 1583; x_wconf 87' lang='grc'>465</span> <span class='ocrx_word' id='word_1_109' title='bbox 1006 1521 1122 1596; x_wconf 80' lang='lat' dir='ltr'>(uera).</span> <span class='ocrx_word' id='word_1_110' title='bbox 1161 1517 1265 1596; x_wconf 78' lang='lat' dir='ltr'>Quam</span> <span class='ocrx_word' id='word_1_111' title='bbox 1289 1523 1413 1604; x_wconf 90' lang='lat' dir='ltr'>quiden</span> 
     </span>
     <span class='ocr_line' id='line_1_14' title="bbox 268 1622 1413 1707; baseline 0.003 -20"><span class='ocrx_word' id='word_1_112' title='bbox 268 1622 459 1687; x_wconf 87' lang='lat' dir='ltr'>sententiam</span> <span class='ocrx_word' id='word_1_113' title='bbox 482 1623 640 1688; x_wconf 87' lang='lat' dir='ltr'>immerito</span> <span class='ocrx_word' id='word_1_114' title='bbox 663 1626 853 1705; x_wconf 86' lang='lat' dir='ltr'>spreuernnt</span> <span class='ocrx_word' id='word_1_115' title='bbox 874 1622 1077 1705; x_wconf 87' lang='lat' dir='ltr'>recentiores,</span> <span class='ocrx_word' id='word_1_116' title='bbox 1100 1641 1171 1686; x_wconf 93' lang='lat' dir='ltr'>cum</span> <span class='ocrx_word' id='word_1_117' title='bbox 1196 1628 1282 1688; x_wconf 90' lang='lat' dir='ltr'>certe</span> <span class='ocrx_word' id='word_1_118' title='bbox 1304 1626 1413 1707; x_wconf 90' lang='lat' dir='ltr'>proba-</span> 
     </span>
     <span class='ocr_line' id='line_1_15' title="bbox 267 1722 1413 1809; baseline 0 -20"><span class='ocrx_word' id='word_1_119' title='bbox 267 1724 401 1790; x_wconf 89' lang='lat' dir='ltr'>bilitatis</span> <span class='ocrx_word' id='word_1_120' title='bbox 425 1725 629 1790; x_wconf 90' lang='lat' dir='ltr'>conclusione</span> <span class='ocrx_word' id='word_1_121' title='bbox 651 1723 779 1788; x_wconf 89' lang='lat' dir='ltr'>nitatur.</span> <span class='ocrx_word' id='word_1_122' title='bbox 813 1723 952 1789; x_wconf 89' lang='lat' dir='ltr'>Disserit</span> <span class='ocrx_word' id='word_1_123' title='bbox 974 1724 1060 1788; x_wconf 92' lang='lat' dir='ltr'>enim</span> <span class='ocrx_word' id='word_1_124' title='bbox 1075 1722 1192 1788; x_wconf 84' lang='lat' dir='ltr'>Pollux</span> <span class='ocrx_word' id='word_1_125' title='bbox 1207 1723 1262 1806; x_wconf 88' lang='lat' dir='ltr'>IV,</span> <span class='ocrx_word' id='word_1_126' title='bbox 1278 1728 1413 1809; x_wconf 85' lang='lat' dir='ltr'>173sqq.</span> 
     </span>
     <span class='ocr_line' id='line_1_16' title="bbox 266 1823 1414 1906; baseline 0.004 -17"><span class='ocrx_word' id='word_1_127' title='bbox 266 1824 442 1890; x_wconf 87' lang='lat' dir='ltr'>Aristotele</span> <span class='ocrx_word' id='word_1_128' title='bbox 464 1830 594 1889; x_wconf 88' lang='lat' dir='ltr'>auctore</span> <span class='ocrx_word' id='word_1_129' title='bbox 616 1823 658 1889; x_wconf 93' lang='lat' dir='ltr'>de</span> <span class='ocrx_word' id='word_1_130' title='bbox 680 1825 816 1890; x_wconf 91' lang='lat' dir='ltr'>nummis</span> <span class='ocrx_word' id='word_1_131' title='bbox 846 1829 878 1888; x_wconf 89' lang='lat' dir='ltr'>et</span> <span class='ocrx_word' id='word_1_132' title='bbox 906 1823 1102 1906; x_wconf 88' lang='lat' dir='ltr'>ponderibus</span> <span class='ocrx_word' id='word_1_133' title='bbox 1131 1825 1271 1892; x_wconf 87' lang='lat' dir='ltr'>rationes</span> <span class='ocrx_word' id='word_1_134' title='bbox 1293 1827 1414 1894; x_wconf 86' lang='lat' dir='ltr'>Atticas</span> 
     </span>
     <span class='ocr_line' id='line_1_17' title="bbox 267 1923 1495 2009; baseline 0.003 -19"><span class='ocrx_word' id='word_1_135' title='bbox 267 1944 458 2008; x_wconf 88' lang='lat' dir='ltr'>comparans</span> <span class='ocrx_word' id='word_1_136' title='bbox 481 1944 553 1990; x_wconf 89' lang='lat' dir='ltr'>cum</span> <span class='ocrx_word' id='word_1_137' title='bbox 568 1923 686 1992; x_wconf 83' lang='lat' dir='ltr'>Siculis</span> <span class='ocrx_word' id='word_1_138' title='bbox 710 1931 742 1990; x_wconf 90' lang='grc'>61</span> <span class='ocrx_word' id='word_1_139' title='bbox 762 1945 826 1991; x_wconf 83' lang='grc'>666</span> <span class='ocrx_word' id='word_1_140' title='bbox 849 1925 953 1990; x_wconf 90' lang='lat' dir='ltr'>solum</span> <span class='ocrx_word' id='word_1_141' title='bbox 976 1925 1064 2008; x_wconf 87' lang='lat' dir='ltr'>apud</span> <span class='ocrx_word' id='word_1_142' title='bbox 1086 1924 1212 1992; x_wconf 88' lang='lat' dir='ltr'>Siculos</span> <span class='ocrx_word' id='word_1_143' title='bbox 1234 1934 1349 2009; x_wconf 87' lang='lat' dir='ltr'>poetas</span> <span class='ocrx_word' id='word_1_144' title='bbox 1372 1932 1413 1994; x_wconf 92' lang='lat' dir='ltr'>in·</span> <span class='ocrx_word' id='word_1_145' title='bbox 1494 1959 1495 1978; x_wconf 70' lang='lat'>2</span> 
     </span>
     <span class='ocr_line' id='line_1_18' title="bbox 266 2021 1414 2114; baseline 0.005 -24"><span class='ocrx_word' id='word_1_146' title='bbox 266 2027 369 2091; x_wconf 91' lang='lat' dir='ltr'>ueniri</span> <span class='ocrx_word' id='word_1_147' title='bbox 385 2026 464 2093; x_wconf 86' lang='lat' dir='ltr'>dicit</span> <span class='ocrx_word' id='word_1_148' title='bbox 478 2045 642 2092; x_wconf 91' lang='lat' dir='ltr'>nummum</span> <span class='ocrx_word' id='word_1_149' title='bbox 654 2024 797 2092; x_wconf 86' lang='lat' dir='ltr'>Siculum</span> <span class='ocrx_word' id='word_1_150' title='bbox 808 2025 923 2110; x_wconf 77' lang='grc' dir='ltr'><strong><em>λίτραν</em></strong></span> <span class='ocrx_word' id='word_1_151' title='bbox 935 2027 985 2102; x_wconf 82' lang='lat' dir='ltr'>(ci.</span> <span class='ocrx_word' id='word_1_152' title='bbox 998 2021 1144 2092; x_wconf 86' lang='lat' dir='ltr'>Hnltsch.</span> <span class='ocrx_word' id='word_1_153' title='bbox 1154 2029 1278 2094; x_wconf 89' lang='lat' dir='ltr'>metrol.</span> <span class='ocrx_word' id='word_1_154' title='bbox 1291 2052 1323 2114; x_wconf 91' lang='lat' dir='ltr'>p.</span> <span class='ocrx_word' id='word_1_155' title='bbox 1333 2033 1414 2114; x_wconf 82' lang='lat'>206),</span> 
     </span>
     <span class='ocr_line' id='line_1_19' title="bbox 266 2118 1495 2213; baseline 0.004 -22"><span class='ocrx_word' id='word_1_156' title='bbox 266 2125 324 2192; x_wconf 84' lang='lat' dir='ltr'>sed</span> <span class='ocrx_word' id='word_1_157' title='bbox 347 2124 451 2193; x_wconf 80' lang='lat' dir='ltr'>addit:</span> <span class='ocrx_word' id='word_1_158' title='bbox 475 2125 558 2192; x_wconf 70' lang='grc' dir='ltr'><strong><em>ἔνιοι</em></strong></span> <span class='ocrx_word' id='word_1_159' title='bbox 574 2125 681 2192; x_wconf 81' lang='grc' dir='ltr'><strong><em>δὲκαὶ</em></strong></span> <span class='ocrx_word' id='word_1_160' title='bbox 701 2128 768 2191; x_wconf 79' lang='grc' dir='ltr'>τῶν</span> <span class='ocrx_word' id='word_1_161' title='bbox 784 2118 949 2213; x_wconf 78' lang='grc' dir='ltr'><strong><em>Ἀθήνησι</em></strong></span> <span class='ocrx_word' id='word_1_162' title='bbox 970 2124 1219 2210; x_wconf 80' lang='grc' dir='ltr'><strong><em>κωμῳδούντων</em></strong></span> <span class='ocrx_word' id='word_1_163' title='bbox 1240 2131 1309 2195; x_wconf 79' lang='grc' dir='ltr'>τῶν</span> <span class='ocrx_word' id='word_1_164' title='bbox 1326 2129 1413 2211; x_wconf 78' lang='grc' dir='ltr'><strong><em>νέων,</em></strong></span> <span class='ocrx_word' id='word_1_165' title='bbox 1494 2161 1495 2176; x_wconf 54' lang='lat'>¹</span> 
     </span>
     <span class='ocr_line' id='line_1_20' title="bbox 267 2224 1414 2316; baseline 0.008 -26"><span class='ocrx_word' id='word_1_166' title='bbox 267 2224 337 2291; x_wconf 82' lang='grc' dir='ltr'><strong><em>οἷον</em></strong></span> <span class='ocrx_word' id='word_1_167' title='bbox 360 2227 520 2314; x_wconf 80' lang='grc' dir='ltr'><strong><em>Φιλήμων</em></strong></span> <span class='ocrx_word' id='word_1_168' title='bbox 543 2227 577 2294; x_wconf 79' lang='grc' dir='ltr'>ἐν</span> <span class='ocrx_word' id='word_1_169' title='bbox 599 2229 758 2313; x_wconf 76' lang='grc' dir='ltr'><strong><em>Σικελικῷ</em></strong></span> <span class='ocrx_word' id='word_1_170' title='bbox 780 2230 835 2293; x_wconf 82' lang='grc' dir='ltr'>καὶ</span> <span class='ocrx_word' id='word_1_171' title='bbox 850 2227 1089 2304; x_wconf 79' lang='grc' dir='ltr'><strong><em>Ποσείδιππος</em></strong></span> <span class='ocrx_word' id='word_1_172' title='bbox 1112 2225 1146 2292; x_wconf 75' lang='grc' dir='ltr'>ἐν</span> <span class='ocrx_word' id='word_1_173' title='bbox 1166 2227 1311 2316; x_wconf 84' lang='grc' dir='ltr'><strong><em>Γαλάτῃ.</em></strong></span> <span class='ocrx_word' id='word_1_174' title='bbox 1349 2235 1414 2300; x_wconf 90' lang='lat' dir='ltr'>Iam</span> 
     </span>
     <span class='ocr_line' id='line_1_21' title="bbox 267 2327 1415 2419; baseline 0.005 -25"><span class='ocrx_word' id='word_1_175' title='bbox 267 2348 339 2394; x_wconf 93' lang='lat' dir='ltr'>cum</span> <span class='ocrx_word' id='word_1_176' title='bbox 361 2337 457 2396; x_wconf 89' lang='lat' dir='ltr'>antea</span> <span class='ocrx_word' id='word_1_177' title='bbox 482 2335 541 2396; x_wconf 88' lang='grc'>173</span> <span class='ocrx_word' id='word_1_178' title='bbox 571 2332 691 2399; x_wconf 85' lang='lat' dir='ltr'>dixerit</span> <span class='ocrx_word' id='word_1_179' title='bbox 712 2331 843 2398; x_wconf 84' lang='lat' dir='ltr'>Pollux:</span> <span class='ocrx_word' id='word_1_180' title='bbox 874 2331 1020 2414; x_wconf 78' lang='grc' dir='ltr'><strong><em>στατῆρα</em></strong></span> <span class='ocrx_word' id='word_1_181' title='bbox 1047 2327 1083 2394; x_wconf 79' lang='grc' dir='ltr'>δὲ</span> <span class='ocrx_word' id='word_1_182' title='bbox 1105 2329 1138 2394; x_wconf 77' lang='grc' dir='ltr'>οἱ.</span> <span class='ocrx_word' id='word_1_183' title='bbox 1160 2332 1218 2417; x_wconf 85' lang='grc' dir='ltr'>τῆς</span> <span class='ocrx_word' id='word_1_184' title='bbox 1240 2333 1415 2419; x_wconf 80' lang='grc' dir='ltr'><strong><em>κωμῳδίας</em></strong></span> 
     </span>
     <span class='ocr_line' id='line_1_22' title="bbox 266 2429 1414 2519; baseline 0.01 -27"><span class='ocrx_word' id='word_1_185' title='bbox 266 2432 407 2514; x_wconf 80' lang='grc' dir='ltr'><strong><em>ποιηταὶ</em></strong></span> <span class='ocrx_word' id='word_1_186' title='bbox 422 2429 482 2516; x_wconf 80' lang='grc' dir='ltr'>τὴν</span> <span class='ocrx_word' id='word_1_187' title='bbox 498 2434 613 2519; x_wconf 81' lang='grc' dir='ltr'><strong><em>λίτραν</em></strong></span> <span class='ocrx_word' id='word_1_188' title='bbox 630 2431 781 2517; x_wconf 74' lang='grc' dir='ltr'><strong><em>λέγουσιν</em></strong></span> <span class='ocrx_word' id='word_1_189' title='bbox 798 2434 850 2510; x_wconf 83' lang='lat' dir='ltr'>(ci.</span> <span class='ocrx_word' id='word_1_190' title='bbox 867 2439 908 2498; x_wconf 82' lang='lat' dir='ltr'>ct.</span> <span class='ocrx_word' id='word_1_191' title='bbox 924 2432 1005 2497; x_wconf 93' lang='lat' dir='ltr'>Poll.</span> <span class='ocrx_word' id='word_1_192' title='bbox 1022 2432 1080 2514; x_wconf 92' lang='lat' dir='ltr'>IX,</span> <span class='ocrx_word' id='word_1_193' title='bbox 1094 2435 1201 2515; x_wconf 88' lang='lat' dir='ltr'>8isq.)</span> <span class='ocrx_word' id='word_1_194' title='bbox 1224 2436 1414 2504; x_wconf 85' lang='lat' dir='ltr'>concludere</span> 
     </span>
     <span class='ocr_line' id='line_1_23' title="bbox 266 2531 1413 2623; baseline 0.008 -28"><span class='ocrx_word' id='word_1_195' title='bbox 266 2531 377 2597; x_wconf 91' lang='lat' dir='ltr'>licebit</span> <span class='ocrx_word' id='word_1_196' title='bbox 398 2538 474 2600; x_wconf 86' lang='lat' dir='ltr'>tunc</span> <span class='ocrx_word' id='word_1_197' title='bbox 496 2535 599 2600; x_wconf 91' lang='lat' dir='ltr'>solum</span> <span class='ocrx_word' id='word_1_198' title='bbox 623 2534 737 2620; x_wconf 85' lang='grc' dir='ltr'><strong><em>λίτρας</em></strong></span> <span class='ocrx_word' id='word_1_199' title='bbox 759 2535 952 2600; x_wconf 90' lang='lat' dir='ltr'>mentionem</span> <span class='ocrx_word' id='word_1_200' title='bbox 975 2533 1122 2599; x_wconf 89' lang='lat' dir='ltr'>iniecisse</span> <span class='ocrx_word' id='word_1_201' title='bbox 1138 2540 1252 2617; x_wconf 86' lang='lat' dir='ltr'>poetas</span> <span class='ocrx_word' id='word_1_202' title='bbox 1267 2536 1413 2623; x_wconf 84' lang='lat' dir='ltr'>Athenis,</span> 
     </span>
     <span class='ocr_line' id='line_1_24' title="bbox 265 2622 1414 2722; baseline 0.006 -23"><span class='ocrx_word' id='word_1_203' title='bbox 265 2633 293 2699; x_wconf 93' lang='lat' dir='ltr'>si</span> <span class='ocrx_word' id='word_1_204' title='bbox 311 2632 351 2698; x_wconf 92' lang='lat' dir='ltr'>de</span> <span class='ocrx_word' id='word_1_205' title='bbox 367 2632 485 2701; x_wconf 85' lang='lat' dir='ltr'>Siculis</span> <span class='ocrx_word' id='word_1_206' title='bbox 500 2637 595 2702; x_wconf 90' lang='lat' dir='ltr'>rebus</span> <span class='ocrx_word' id='word_1_207' title='bbox 610 2642 769 2720; x_wconf 83' lang='lat' dir='ltr'>ageretur,</span> <span class='ocrx_word' id='word_1_208' title='bbox 792 2635 879 2718; x_wconf 90' lang='lat' dir='ltr'>quod</span> <span class='ocrx_word' id='word_1_209' title='bbox 896 2636 937 2702; x_wconf 91' lang='lat' dir='ltr'>de</span> <span class='ocrx_word' id='word_1_210' title='bbox 952 2622 1151 2700; x_wconf 78' lang='lat' dir='ltr'>Philemdnis</span> <span class='ocrx_word' id='word_1_211' title='bbox 1171 2629 1309 2703; x_wconf 83' lang='lat' dir='ltr'>‘Siculo&#39;</span> <span class='ocrx_word' id='word_1_212' title='bbox 1324 2660 1414 2722; x_wconf 89' lang='lat' dir='ltr'>prae·</span> 
     </span>
     <span class='ocr_line' id='line_1_25' title="bbox 265 2735 1495 2826; baseline 0.004 -24"><span class='ocrx_word' id='word_1_213' title='bbox 265 2742 313 2802; x_wconf 91' lang='lat' dir='ltr'>ter</span> <span class='ocrx_word' id='word_1_214' title='bbox 335 2736 441 2819; x_wconf 91' lang='lat' dir='ltr'>ipsum</span> <span class='ocrx_word' id='word_1_215' title='bbox 462 2737 587 2826; x_wconf 88' lang='lat' dir='ltr'>titulum</span> <span class='ocrx_word' id='word_1_216' title='bbox 610 2738 679 2803; x_wconf 86' lang='lat' dir='ltr'>ueri</span> <span class='ocrx_word' id='word_1_217' title='bbox 701 2737 898 2803; x_wconf 88' lang='lat' dir='ltr'>simillimum</span> <span class='ocrx_word' id='word_1_218' title='bbox 913 2737 948 2802; x_wconf 85' lang='lat' dir='ltr'>fit</span> <span class='ocrx_word' id='word_1_219' title='bbox 963 2756 1005 2803; x_wconf 89' lang='lat' dir='ltr'>ex</span> <span class='ocrx_word' id='word_1_220' title='bbox 1020 2735 1136 2802; x_wconf 83' lang='lat' dir='ltr'>Athen.</span> <span class='ocrx_word' id='word_1_221' title='bbox 1152 2737 1230 2802; x_wconf 92' lang='lat' dir='ltr'>XIV</span> <span class='ocrx_word' id='word_1_222' title='bbox 1251 2759 1282 2822; x_wconf 91' lang='lat' dir='ltr'>p.</span> <span class='ocrx_word' id='word_1_223' title='bbox 1296 2741 1414 2807; x_wconf 82' lang='grc'>65861</span> <span class='ocrx_word' id='word_1_224' title='bbox 1494 2739 1495 2764; x_wconf 66' lang='lat'>¹</span> 
     </span>
     <span class='ocr_line' id='line_1_26' title="bbox 265 2832 1493 2924; baseline 0.004 -21"><span class='ocrx_word' id='word_1_225' title='bbox 265 2839 314 2916; x_wconf 89' lang='lat' dir='ltr'>(fr.</span> <span class='ocrx_word' id='word_1_226' title='bbox 330 2839 362 2903; x_wconf 92' lang='lat' dir='ltr'>II</span> <span class='ocrx_word' id='word_1_227' title='bbox 377 2839 441 2917; x_wconf 89' lang='grc' dir='ltr'><strong>Μ.).</strong></span> <span class='ocrx_word' id='word_1_228' title='bbox 478 2838 592 2922; x_wconf 86' lang='lat' dir='ltr'>Itaque</span> <span class='ocrx_word' id='word_1_229' title='bbox 614 2859 685 2904; x_wconf 93' lang='lat' dir='ltr'>cum</span> <span class='ocrx_word' id='word_1_230' title='bbox 708 2845 859 2922; x_wconf 89' lang='lat' dir='ltr'>sequatur</span> <span class='ocrx_word' id='word_1_231' title='bbox 881 2839 977 2904; x_wconf 90' lang='lat' dir='ltr'>etiam</span> <span class='ocrx_word' id='word_1_232' title='bbox 1001 2832 1034 2902; x_wconf 78' lang='grc' dir='ltr'>ἓν</span> <span class='ocrx_word' id='word_1_233' title='bbox 1056 2835 1190 2924; x_wconf 79' lang='grc' dir='ltr'><strong><em>Γαλάτῃ</em></strong></span> <span class='ocrx_word' id='word_1_234' title='bbox 1214 2838 1343 2908; x_wconf 83' lang='lat' dir='ltr'>Siculas</span> <span class='ocrx_word' id='word_1_235' title='bbox 1365 2863 1415 2908; x_wconf 90' lang='lat' dir='ltr'>res</span> <span class='ocrx_word' id='word_1_236' title='bbox 1492 2873 1493 2876; x_wconf 38' lang='lat'>¹</span> 
     </span>
     <span class='ocr_line' id='line_1_27' title="bbox 264 2940 1495 3024; baseline 0.002 -19"><span class='ocrx_word' id='word_1_237' title='bbox 264 2945 415 3008; x_wconf 87' lang='lat' dir='ltr'>tractatas</span> <span class='ocrx_word' id='word_1_238' title='bbox 438 2961 525 3024; x_wconf 90' lang='lat' dir='ltr'>esse,</span> <span class='ocrx_word' id='word_1_239' title='bbox 556 2940 634 3024; x_wconf 87' lang='lat' dir='ltr'>quid</span> <span class='ocrx_word' id='word_1_240' title='bbox 662 2941 766 3024; x_wconf 89' lang='lat' dir='ltr'>magis</span> <span class='ocrx_word' id='word_1_241' title='bbox 792 2946 1056 3023; x_wconf 89' lang='lat' dir='ltr'>consentaneum,</span> <span class='ocrx_word' id='word_1_242' title='bbox 1088 2960 1185 3022; x_wconf 88' lang='lat' dir='ltr'>quam</span> <span class='ocrx_word' id='word_1_243' title='bbox 1212 2942 1414 3010; x_wconf 88' lang='lat' dir='ltr'>notissimam</span> <span class='ocrx_word' id='word_1_244' title='bbox 1494 2997 1495 3000; x_wconf 17' lang='grc' dir='ltr'><strong><em>ι</em></strong></span> 
     </span>
     <span class='ocr_line' id='line_1_28' title="bbox 265 3040 1415 3127; baseline 0.004 -19"><span class='ocrx_word' id='word_1_245' title='bbox 265 3041 444 3109; x_wconf 83' lang='lat' dir='ltr'>Siculorum</span> <span class='ocrx_word' id='word_1_246' title='bbox 461 3043 613 3109; x_wconf 86' lang='lat' dir='ltr'>fabellam</span> <span class='ocrx_word' id='word_1_247' title='bbox 635 3063 706 3110; x_wconf 90' lang='lat' dir='ltr'>esse</span> <span class='ocrx_word' id='word_1_248' title='bbox 728 3043 925 3127; x_wconf 89' lang='lat' dir='ltr'>propositam</span> <span class='ocrx_word' id='word_1_249' title='bbox 939 3041 984 3116; x_wconf 72' lang='lat' dir='ltr'>&#39;ll</span> <span class='ocrx_word' id='word_1_250' title='bbox 1020 3040 1108 3119; x_wconf 82' lang='lat' dir='ltr'>Quid</span> <span class='ocrx_word' id='word_1_251' title='bbox 1130 3062 1206 3108; x_wconf 91' lang='lat' dir='ltr'>uero</span> <span class='ocrx_word' id='word_1_252' title='bbox 1222 3043 1318 3110; x_wconf 80' lang='lat' dir='ltr'>Gallo</span> <span class='ocrx_word' id='word_1_253' title='bbox 1344 3067 1415 3113; x_wconf 92' lang='lat' dir='ltr'>cum</span> 
     </span>
     <span class='ocr_line' id='line_1_29' title="bbox 262 3138 1415 3229; baseline 0.002 -21"><span class='ocrx_word' id='word_1_254' title='bbox 262 3164 393 3211; x_wconf 90' lang='lat' dir='ltr'>nummo</span> <span class='ocrx_word' id='word_1_255' title='bbox 416 3145 551 3212; x_wconf 83' lang='lat' dir='ltr'>Siculo?</span> <span class='ocrx_word' id='word_1_256' title='bbox 584 3138 641 3211; x_wconf 79' lang='lat' dir='ltr'>‘At</span> <span class='ocrx_word' id='word_1_257' title='bbox 664 3147 747 3210; x_wconf 90' lang='lat' dir='ltr'>enim</span> <span class='ocrx_word' id='word_1_258' title='bbox 770 3144 905 3210; x_wconf 87' lang='lat' dir='ltr'>traditur</span> <span class='ocrx_word' id='word_1_259' title='bbox 927 3139 961 3207; x_wconf 77' lang='grc' dir='ltr'>ἐν</span> <span class='ocrx_word' id='word_1_260' title='bbox 985 3139 1135 3229; x_wconf 85' lang='grc' dir='ltr'><strong><em>Γαλάτῃ,</em></strong></span> <span class='ocrx_word' id='word_1_261' title='bbox 1159 3164 1222 3210; x_wconf 94' lang='lat' dir='ltr'>non</span> <span class='ocrx_word' id='word_1_262' title='bbox 1245 3140 1279 3208; x_wconf 78' lang='lat' dir='ltr'>dr</span> <span class='ocrx_word' id='word_1_263' title='bbox 1303 3147 1415 3210; x_wconf 91' lang='grc' dir='ltr'><strong><em>Γαλα-</em></strong></span> 
     </span>
     <span class='ocr_line' id='line_1_30' title="bbox 261 3237 1414 3331; baseline 0.006 -22"><span class='ocrx_word' id='word_1_264' title='bbox 261 3237 363 3331; x_wconf 63' lang='grc' dir='ltr'><strong><em>τείῃά.</em></strong></span> <span class='ocrx_word' id='word_1_265' title='bbox 399 3246 473 3312; x_wconf 90' lang='lat' dir='ltr'>Non</span> <span class='ocrx_word' id='word_1_266' title='bbox 489 3247 676 3330; x_wconf 87' lang='lat' dir='ltr'>corrigimus</span> <span class='ocrx_word' id='word_1_267' title='bbox 700 3267 770 3313; x_wconf 89' lang='lat' dir='ltr'>oum</span> <span class='ocrx_word' id='word_1_268' title='bbox 787 3246 957 3328; x_wconf 82' lang='lat' dir='ltr'>Salmasi0,</span> <span class='ocrx_word' id='word_1_269' title='bbox 979 3244 1038 3311; x_wconf 89' lang='lat' dir='ltr'>sed</span> <span class='ocrx_word' id='word_1_270' title='bbox 1060 3251 1208 3329; x_wconf 84' lang='lat' dir='ltr'>putamus</span> <span class='ocrx_word' id='word_1_271' title='bbox 1231 3245 1318 3312; x_wconf 91' lang='lat' dir='ltr'>idern</span> <span class='ocrx_word' id='word_1_272' title='bbox 1344 3268 1414 3316; x_wconf 91' lang='lat' dir='ltr'>esse</span> 
     </span>
     <span class='ocr_line' id='line_1_31' title="bbox 263 3344 1413 3432; baseline 0.005 -23"><span class='ocrx_word' id='word_1_273' title='bbox 263 3344 397 3432; x_wconf 85' lang='grc' dir='ltr'><strong><em>Γαλάτῃ</em></strong></span> <span class='ocrx_word' id='word_1_274' title='bbox 426 3345 713 3430; x_wconf 78' lang='grc' dir='ltr'>61666Γαλάτεια</span> <span class='ocrx_word' id='word_1_275' title='bbox 742 3368 783 3414; x_wconf 90' lang='lat' dir='ltr'>ex</span> <span class='ocrx_word' id='word_1_276' title='bbox 805 3347 956 3430; x_wconf 87' lang='lat' dir='ltr'>analogia</span> <span class='ocrx_word' id='word_1_277' title='bbox 984 3347 1096 3412; x_wconf 85' lang='lat' dir='ltr'>talium</span> <span class='ocrx_word' id='word_1_278' title='bbox 1124 3347 1353 3414; x_wconf 88' lang='lat' dir='ltr'>formationum</span> <span class='ocrx_word' id='word_1_279' title='bbox 1380 3357 1413 3415; x_wconf 93' lang='lat' dir='ltr'>ut</span> 
     </span>
     <span class='ocr_line' id='line_1_32' title="bbox 262 3437 1411 3534; baseline 0.003 -24"><span class='ocrx_word' id='word_1_280' title='bbox 262 3437 443 3531; x_wconf 79' lang='grc' dir='ltr'><strong><em>Εὗρώτιεια</em></strong></span> <span class='ocrx_word' id='word_1_281' title='bbox 471 3439 634 3534; x_wconf 79' lang='grc' dir='ltr'><strong><em>Εὐρώπῃ,</em></strong></span> <span class='ocrx_word' id='word_1_282' title='bbox 668 3446 854 3531; x_wconf 75' lang='grc' dir='ltr'><strong><em>Ψαμάθεια</em></strong></span> <span class='ocrx_word' id='word_1_283' title='bbox 881 3445 1048 3533; x_wconf 70' lang='grc' dir='ltr'><strong><em>Ψαμάθη,</em></strong></span> <span class='ocrx_word' id='word_1_284' title='bbox 1076 3445 1290 3515; x_wconf 79' lang='grc' dir='ltr'><strong><em>Καλλιόπεια</em></strong></span> <span class='ocrx_word' id='word_1_285' title='bbox 1320 3449 1411 3514; x_wconf 84' lang='grc' dir='ltr'><strong><em>Καλ-</em></strong></span> 
     </span>
     <span class='ocr_line' id='line_1_33' title="bbox 262 3545 1411 3637; baseline 0.004 -25"><span class='ocrx_word' id='word_1_286' title='bbox 262 3545 381 3634; x_wconf 78' lang='grc' dir='ltr'><strong><em>λιόπη,</em></strong></span> <span class='ocrx_word' id='word_1_287' title='bbox 405 3546 639 3635; x_wconf 81' lang='grc' dir='ltr'><strong><em>Περσεφόνεια</em></strong></span> <span class='ocrx_word' id='word_1_288' title='bbox 661 3548 861 3636; x_wconf 81' lang='grc' dir='ltr'><strong><em>Περσεφόνῃ</em></strong></span> <span class='ocrx_word' id='word_1_289' title='bbox 884 3552 954 3618; x_wconf 90' lang='lat' dir='ltr'>eim.</span> <span class='ocrx_word' id='word_1_290' title='bbox 978 3551 1090 3634; x_wconf 82' lang='lat' dir='ltr'>quales</span> <span class='ocrx_word' id='word_1_291' title='bbox 1111 3554 1228 3618; x_wconf 82' lang='lat' dir='ltr'>multas</span> <span class='ocrx_word' id='word_1_292' title='bbox 1251 3553 1411 3637; x_wconf 84' lang='lat' dir='ltr'>congessit</span> 
     </span>
     <span class='ocr_line' id='line_1_34' title="bbox 261 3649 1407 3736; baseline 0 -18"><span class='ocrx_word' id='word_1_293' title='bbox 261 3649 445 3718; x_wconf 86' lang='lat' dir='ltr'>Lobechius</span> <span class='ocrx_word' id='word_1_294' title='bbox 468 3651 500 3714; x_wconf 93' lang='lat' dir='ltr'>in</span> <span class='ocrx_word' id='word_1_295' title='bbox 522 3650 681 3734; x_wconf 90' lang='lat' dir='ltr'>paralipp.</span> <span class='ocrx_word' id='word_1_296' title='bbox 697 3671 744 3733; x_wconf 90' lang='lat' dir='ltr'>gr.</span> <span class='ocrx_word' id='word_1_297' title='bbox 760 3651 814 3717; x_wconf 76' lang='lat' dir='ltr'>Gr.</span> <span class='ocrx_word' id='word_1_298' title='bbox 837 3672 868 3735; x_wconf 89' lang='lat' dir='ltr'>p.</span> <span class='ocrx_word' id='word_1_299' title='bbox 882 3655 943 3716; x_wconf 84' lang='lat'>320</span> <span class='ocrx_word' id='word_1_300' title='bbox 952 3672 1020 3736; x_wconf 88' lang='lat' dir='ltr'>sqq.</span> <span class='ocrx_word' id='word_1_301' title='bbox 1053 3653 1195 3720; x_wconf 83' lang='lat' dir='ltr'>Alterius</span> <span class='ocrx_word' id='word_1_302' title='bbox 1217 3658 1326 3720; x_wconf 92' lang='lat' dir='ltr'>autem</span> <span class='ocrx_word' id='word_1_303' title='bbox 1349 3655 1407 3720; x_wconf 89' lang='lat' dir='ltr'>for-</span> 
     </span>
     <span class='ocr_line' id='line_1_35' title="bbox 262 3748 1406 3840; baseline 0.001 -19"><span class='ocrx_word' id='word_1_304' title='bbox 262 3773 335 3821; x_wconf 87' lang='lat' dir='ltr'>mae</span> <span class='ocrx_word' id='word_1_305' title='bbox 351 3748 484 3836; x_wconf 88' lang='grc' dir='ltr'><strong><em>Γαλάτῃ</em></strong></span> <span class='ocrx_word' id='word_1_306' title='bbox 501 3751 626 3818; x_wconf 88' lang='lat' dir='ltr'>etiamsi</span> <span class='ocrx_word' id='word_1_307' title='bbox 641 3752 763 3818; x_wconf 93' lang='lat' dir='ltr'>nullum</span> <span class='ocrx_word' id='word_1_308' title='bbox 779 3754 963 3835; x_wconf 88' lang='lat' dir='ltr'>exemplum</span> <span class='ocrx_word' id='word_1_309' title='bbox 977 3755 1066 3840; x_wconf 86' lang='lat' dir='ltr'>apud</span> <span class='ocrx_word' id='word_1_310' title='bbox 1081 3757 1252 3839; x_wconf 88' lang='lat' dir='ltr'>scriptores</span> <span class='ocrx_word' id='word_1_311' title='bbox 1268 3755 1406 3822; x_wconf 76' lang='lat' dir='ltr'>Graecos</span> 
     </span>
    </p>
   </div>
   <div class='ocr_carea' id='block_1_3' title="bbox 260 3898 1406 4044">
    <p class='ocr_par' dir='ltr' id='par_1_4' title="bbox 260 3898 1406 4044">
     <span class='ocr_line' id='line_1_36' title="bbox 350 3898 1406 3968; baseline 0 -10"><span class='ocrx_word' id='word_1_312' title='bbox 350 3908 373 3968; x_wconf 81' lang='grc'>11</span> <span class='ocrx_word' id='word_1_313' title='bbox 392 3903 437 3958; x_wconf 85' lang='lat' dir='ltr'>Sic</span> <span class='ocrx_word' id='word_1_314' title='bbox 455 3901 526 3956; x_wconf 93' lang='lat' dir='ltr'>enim</span> <span class='ocrx_word' id='word_1_315' title='bbox 545 3898 746 3954; x_wconf 82' lang='lat' dir='ltr'>conclusionem</span> <span class='ocrx_word' id='word_1_316' title='bbox 764 3899 900 3966; x_wconf 90' lang='lat' dir='ltr'>ducimus,</span> <span class='ocrx_word' id='word_1_317' title='bbox 923 3917 978 3956; x_wconf 92' lang='lat' dir='ltr'>non</span> <span class='ocrx_word' id='word_1_318' title='bbox 1000 3903 1110 3958; x_wconf 88' lang='lat' dir='ltr'>innerso</span> <span class='ocrx_word' id='word_1_319' title='bbox 1135 3904 1227 3959; x_wconf 91' lang='lat' dir='ltr'>ordine</span> <span class='ocrx_word' id='word_1_320' title='bbox 1250 3909 1281 3958; x_wconf 89' lang='lat' dir='ltr'>ut</span> <span class='ocrx_word' id='word_1_321' title='bbox 1302 3904 1406 3960; x_wconf 88' lang='lat' dir='ltr'>uidetur</span> 
     </span>
     <span class='ocr_line' id='line_1_37' title="bbox 260 3987 415 4044; baseline 0.013 -2"><span class='ocrx_word' id='word_1_322' title='bbox 260 3987 415 4044; x_wconf 84' lang='lat' dir='ltr'>Salmasius.</span> 
     </span>
    </p>
   </div>
   <div class='ocr_carea' id='block_1_4' title="bbox 0 0 1518 4672">
    <p class='ocr_par' dir='ltr' id='par_1_5' title="bbox 0 0 1518 4672">
     <span class='ocr_line' id='line_1_38' title="bbox 0 0 1518 4672; baseline 0 3"><span class='ocrx_word' id='word_1_323' title='bbox 0 0 1518 4672; x_wconf 95' lang='lat' dir='ltr'> </span> 
     </span>
    </p>
   </div>
  </div>
 </body>
</html>
