3028 4672
291 269 351 328 160
653 265 785 334 Georgius
804 265 939 320 Ricardus
956 264 1075 320 Hollond

289 439 418 505 finxerit
441 437 587 504 Cratinus
612 457 652 503 ex
675 438 817 505 frustulis
840 439 976 504 seruatis
997 458 1062 503 uon
1083 439 1195 521 liquet.
1241 439 1325 504 Nam
1347 441 1444 506 aliter

289 543 469 624 fragmenta
490 541 657 603 138-140
673 541 714 605 K.
744 546 819 625 apte
848 541 881 604 iu
910 540 1039 605 fabulae
1068 541 1253 606 continuum
1282 560 1444 606 conexum

289 643 387 707 inseri
409 661 474 706 non
495 646 638 724 possunt.
684 639 799 724 Cogita
827 641 924 724 igitur
946 640 1117 706 aduenisse
1140 642 1271 708 Ulixem
1294 662 1367 707 oum
1390 663 1443 709 oo-

288 744 418 808 mitibus
440 744 473 807 iu
496 747 622 807 antrum
644 741 838 826 Polyphemi
861 740 1016 824 interdiu,
1047 741 1123 807 dum
1144 743 1214 825 ipsc
1237 743 1379 827 Cyclops
1410 746 1444 810 in

286 843 447 928 pecudum
470 844 599 926 pascuis
621 851 775 926 uersatur,
799 843 913 909 eodem
932 843 1038 926 modo,
1062 863 1125 926 quo
1148 844 1276 925 singula
1296 845 1385 912 facta
1408 867 1444 912 se

289 946 439 1028 excipere
455 944 602 1010 uidemus
616 943 704 1028 apud
719 944 901 1026 Homerum,
925 945 980 1009 ubi
996 943 1135 1027 Cyclops
1158 965 1294 1030 uespere
1310 946 1445 1012 demum

288 1046 419 1112 domum
445 1045 529 1111 redit
558 1044 766 1128 hospitesque
794 1045 917 1110 inuenit
945 1045 984 1110 cf.
1008 1042 1067 1111 Od.
1084 1046 1142 1128 IX,
1159 1049 1298 1130 231sqq.
1329 1049 1445 1126 (ποτι-

289 1143 460 1231 δόρπιον),
483 1147 560 1212 item
582 1151 617 1211 ut
638 1146 726 1229 apud
748 1144 936 1228 Euripidem
960 1148 1072 1228 paucis
1095 1147 1287 1229 quibusdam
1310 1152 1445 1217 mutatis

289 1248 378 1330 chl.
404 1250 519 1330 129sq.
542 1250 683 1330 203sqq.
729 1246 918 1329 Colligimus
944 1252 1051 1312 autem
1079 1267 1214 1332 uespere
1237 1249 1369 1316 domum
1393 1273 1444 1317 re-

288 1350 371 1415 uerti
394 1349 569 1433 Cyclopem
593 1368 611 1414 e
633 1349 732 1414 uerbo
754 1350 958 1434 πανημέριοι
980 1348 1108 1412 fr.142:
1253 1349 1259 1360 '

415 1442 503 1534 ἧσθε
525 1451 728 1536 πανημέριοι
746 1445 984 1534 χορταζόμενοι
1005 1445 1090 1531 μάλα
1113 1447 1227 1514 λευκόν

183 1560 187 1568 ’
310 1575 319 1592 ·
418 1547 514 1636 [πνὸν
538 1549 728 1633 δαινύμενοι
750 1542 1053 1640 κάμπιμπλάμενοι
1076 1548 1245 1637 ποριάτῃ].

287 1653 512 1720 Stomachatur
533 1660 640 1719 autem
661 1653 879 1736 Polyphemus
902 1651 989 1735 quod
1014 1651 1158 1734 hospites
1183 1653 1334 1720 delectati
1366 1664 1443 1722 suut

288 1755 426 1821 diuersis
448 1757 513 1821 lact
514 1757 541 1821 is
500 1755 735 1837 tgenerihus
758 1755 869 1837 eisque
891 1773 1004 1819 necem
1025 1755 1152 1820 minitat
1139 1761 1189 1819 tur
1210 1755 1248 1819 fr.
1263 1758 1340 1821 143:

417 1847 497 1919 ἄνθ’
517 1845 564 1918 ὦν
586 1852 717 1930 πάντας
739 1848 931 1935 diducaris
954 1850 1088 1939 ἐρίηρας
1111 1851 1263 1938 ἑταίρους

417 1953 559 2042 φρύξας,
583 1952 714 2040 ἑψήσας
735 1947 817 2019 κάπ
846 1946 1068 2038 ἀνθρακιᾶς
1055 1953 1205 2042 οπτήοας
1335 1941 1337 1946 ’

416 2056 464 2133 εἰς
487 2048 594 2143 άλμην
615 2079 651 2120 τε
673 2058 729 2122 και
751 2050 955 2177 ὀξάλμνμ
918 2048 991 2120 κατ’
1018 2053 1051 2132 ἐς
1074 2055 1303 2178 puopoddipqo

410 2155 551 2280 χλιαρὸν
573 2155 770 2242 ἐμβάπτων,
794 2156 832 2235 ὃς
855 2147 895 2224 άν
917 2151 1106 2233 ὀπτότατός
1127 2182 1187 2240 μοι
1209 2153 1370 2228 ἁπάντων

413 2255 506 2342 ὑμῶν
529 2263 706 2348 φαίνηται,
728 2257 999 2346 κατατρώξομαι,
1024 2255 1049 2322 ὠ
1074 2261 1287 2343 στρατιῶται.

287 2363 518 2448 Componenda
540 2361 621 2429 haec
643 2369 717 2430 suut
738 2383 810 2428 cum
826 2383 944 2437 scaena
958 2363 1121 2447 Euripidis
1137 2384 1190 2428 uu.
1203 2367 1265 2428 233
1277 2384 1358 2450 sqq,
1382 2370 1441 2435 ubi

287 2464 414 2531 Silenus
443 2464 579 2548 Cyclopi
609 2470 761 2547 quantum
790 2465 964 2530 saeuierint
996 2465 1075 2530 socii
1104 2464 1212 2530 Ulixis
1241 2466 1275 2530 iu
1304 2467 1440 2537 diuitias

288 2567 356 2631 cius
384 2565 520 2648 indicat,
551 2567 680 2649 etipse
709 2584 762 2630 uo.
784 2567 842 2627 241
855 2583 924 2647 sqq.
954 2564 1158 2630 dulcedinem
1187 2571 1308 2634 taetrae
1337 2589 1441 2637 cenae

286 2672 393 2732 mente
416 2667 477 2732 sibi
499 2667 659 2749 proponit.
705 2665 809 2743 Quam
832 2665 962 2747 quidem
982 2667 1029 2732 rei
1053 2667 1284 2734 institutionem
1305 2671 1347 2736 ab
1370 2672 1440 2739 Ho-

286 2787 374 2834 mero
388 2788 453 2832 uon
468 2769 604 2850 sumpsit
619 2767 776 2848 Cratinus,
800 2785 872 2831 cum
894 2767 941 2831 ibi
963 2786 1003 2832 ne
1022 2769 1121 2833 uerbo
1140 2767 1270 2850 quidem
1292 2772 1442 2857 increpet

286 2868 505 2954 Polyphemus
528 2867 687 2951 aduenas,
717 2868 862 2950 quamuis
885 2874 917 2932 et
938 2868 1001 2952 ipsi
1028 2888 1139 2936 caseos
1163 2869 1287 2936 ederint
1315 2889 1345 2934 u.
1363 2871 1438 2936 232.

284 2972 477 3054 Fragmento
493 2973 599 3036 autem
622 2970 679 3036 illo
701 2970 908 3036 fundamento
929 2971 977 3034 uti
1000 2970 1164 3054 debemus,
1187 2973 1216 3038 si
1237 2971 1366 3054 qualem
1390 2973 1438 3037 in-

285 3073 414 3139 duxerit
429 3072 605 3156 Cyclopem
620 3071 768 3138 Cratinus
791 3089 984 3155 cognoscere
1006 3071 1180 3138 studemus.
1216 3072 1437 3139 Memorabilis
1476 3147 1490 3172 ·

286 3175 371 3237 enim
399 3179 449 3240 est
477 3175 674 3258 singularum
702 3192 809 3239 rerum
831 3173 864 3238 in
886 3192 967 3238 cena
987 3171 1176 3256 apparanda
1197 3179 1348 3238 accurata
1370 3174 1436 3239 dis-

283 3275 403 3357 positio
424 3280 458 3340 et
479 3273 722 3385 percipiendam
744 3275 943 3358 uoluptatem
964 3278 1175 3357 praegustans
1190 3274 1327 3357 luxuria,
1350 3293 1435 3357 quac

285 3372 339 3438 hio
360 3375 499 3458 primum
520 3374 556 3440 fit
579 3358 683 3458 ob‘uia,
708 3395 901 3459 quamquam
923 3376 964 3441 ah
978 3373 1213 3459 Epicharmeae
1235 3375 1397 3442 fabulae
1387 3397 1435 3440 m·

285 3474 360 3540 dole
382 3495 446 3541 non
468 3476 601 3541 multum
631 3477 759 3543 uidetur
786 3477 910 3544 abesse.
954 3476 1051 3560 Apud
1073 3475 1248 3541 Homerum
1279 3477 1365 3541 enim
1393 3496 1434 3542 ne

284 3576 384 3642 uerbo
407 3574 537 3658 quidem
559 3576 671 3643 addito
693 3579 777 3645 binis
799 3577 1021 3645 Ithacensibus
1043 3577 1227 3660 oppressis,
1255 3577 1405 3643 trucidat
1382 3583 1434 3661 trs,
1505 3621 1506 3644 ι

285 3678 318 3742 in
340 3677 441 3742 frusta
462 3675 605 3744 discissis
628 3679 758 3745 crudam
782 3699 909 3745 carnem
932 3669 1018 3742 dore
1037 3676 1121 3740 λέων
1135 3668 1356 3766 ὀρεσίτροφος
1378 3678 1434 3744 de-

285 3784 377 3845 uorat
393 3797 446 3844 nu.
460 3777 522 3841 287
530 3797 598 3861 sqq.
632 3779 730 3864 Apud
746 3779 908 3845 Cratinum
923 3785 1029 3846 autem
1044 3779 1145 3847 fusius
1168 3780 1301 3863 exponit
1323 3799 1433 3846 omncs

285 3901 320 3949 se
343 3886 508 3964 tosturum,
533 3885 703 3964 coctorum,
727 3885 916 3962 assaturum,
946 3879 1063 3946 deinde
1086 3881 1184 3946 uariis
1207 3881 1328 3948 iuribus
1350 3901 1433 3947 mer-

285 3988 413 4065 gentem
430 3983 604 4049 electurum
623 3983 678 4066 qui
698 3981 855 4066 appetitui
877 3982 1016 4047 maxime
1038 3982 1195 4064 arrideat;
1219 3980 1306 4064 qnod
1322 4001 1433 4064 qnam·
1505 4003 1506 4030 ι
