2998 4674
259 203 320 262 232
618 201 750 270 Georgius
768 201 902 258 Ricardus
920 201 1039 257 Helland

258 397 332 445 eum
354 375 405 442 cui
431 377 608 444 remedium
636 377 752 443 amoris
780 375 965 462 suppeditat
991 382 1089 461 poeta
1109 376 1238 442 Niciam
1267 375 1406 442 amicum

258 482 406 546 iuuenem
434 480 540 564 petius
570 499 665 562 quarn
694 484 799 544 aetate
827 479 1061 562 prosectionem
1089 479 1207 544 teneris
1236 477 1406 545 affectibus

258 581 430 648 indulsisse
460 581 666 648 condonabis.
717 582 777 648 His
806 581 847 647 de
877 581 982 647 causis
1011 581 1158 663 quamuis
1187 581 1350 664 ambiguis
1379 582 1406 647 si

258 683 423 750 Theocriti
437 683 585 768 idyllium
600 683 649 750 XI
665 685 754 769 prius
769 684 868 752 fuisse
883 682 1074 750 Callimachi
1090 682 1210 767 epyllio
1226 684 1406 767 statuimus,

257 806 387 872 prorsus
401 784 519 852 idonea
532 807 611 852 ansa
625 787 776 871 temporis
798 785 973 853 definiendi
995 804 1141 852 caremus
1163 787 1196 850 in
1219 785 1334 869 idyllio
1351 787 1406 869 VI,

259 909 322 973 quo
344 888 479 955 redeunt
494 887 686 973 Polyphemi
702 894 734 955 et
748 888 905 955 Galateae
928 907 1062 954 amores.
1099 887 1171 953 Hoc
1193 908 1291 953 unum
1311 888 1408 955 nobis

258 990 385 1057 uidetur
408 1010 504 1073 quam
525 991 665 1056 maxime
688 991 920 1074 commendari,
950 989 1036 1073 quod
1057 990 1201 1055 nonnulli
1229 996 1409 1056 statuerunt

178 1103 187 1116 ·
258 1098 332 1176 post
353 1091 396 1157 id.
412 1092 461 1157 XI
483 1093 692 1176 compositum
714 1093 824 1177 idVI,
849 1100 880 1159 et
895 1111 1132 1160 commouemnr
1149 1092 1290 1158 maxime
1311 1112 1409 1177 prop·

259 1201 364 1278 terea,
393 1193 478 1276 quod
501 1195 535 1258 in
556 1193 725 1261 undecimo
747 1194 875 1278 mythus
898 1215 940 1260 ex
963 1194 1074 1260 ordine
1097 1199 1129 1261 et
1151 1195 1243 1279 epioe
1266 1194 1410 1276 quodam

259 1303 370 1362 tenore
393 1296 563 1380 exponitur
578 1294 830 1383 διηγηματικῶς,
855 1303 945 1364 sexto
967 1301 1003 1361 nt
1023 1297 1120 1380 plane
1142 1302 1235 1363 notus
1258 1298 1351 1379 quasi
1375 1299 1410 1363 in

260 1417 376 1465 scaena
390 1403 497 1483 partes
512 1400 693 1483 pastoribus
707 1401 935 1467 sustinentibus
950 1401 1056 1483 agitur
1071 1399 1109 1465 cf.
1122 1399 1234 1465 Hiller.
1248 1399 1290 1466 ad
1301 1398 1346 1464 id.
1352 1399 1408 1464 VI.

260 1502 373 1584 Itaque
395 1500 437 1566 de
458 1500 630 1567 Theocrito
652 1503 791 1585 primum
812 1502 970 1569 disserere
992 1502 1092 1568 satius
1115 1503 1183 1568 erit.

337 1604 562 1687 Depinguntur
577 1602 770 1688 Polyphemi
786 1611 819 1671 et
833 1604 990 1671 Galateae
1005 1604 1130 1670 amores
1145 1603 1270 1670 duabus
1286 1604 1412 1686 eologis

260 1706 310 1771 XI
327 1713 359 1772 ct
373 1706 418 1772 VI
439 1726 557 1789 magna
578 1706 681 1789 ipsius
699 1706 833 1773 affectus
848 1704 1066 1773 intercedente
1083 1706 1307 1790 discrepantia.
1342 1705 1411 1772 Un-

260 1808 386 1874 decimo
403 1807 487 1896 enim
510 1807 624 1890 idyllio
645 1807 910 1892 flagrantissimus
930 1827 1020 1873 amor
1036 1807 1187 1892 Cyclopis
1209 1808 1411 1892 proponitur,

261 1916 352 1976 sexto
375 1914 514 1974 amatam
535 1928 709 1993 aspamans
732 1911 892 1996 superbia.
936 1911 1005 1976 Iam
1028 1931 1099 1977 cum
1127 1910 1186 1976 sub
1215 1910 1311 1976 finem
1340 1930 1411 1976 car-

260 2013 356 2078 minis
379 2011 427 2076 XI
449 2011 561 2078 infelix
583 2018 707 2078 amator
728 2012 889 2080 Musarum
912 2013 1055 2080 remedio
1079 2012 1209 2079 sedatus
1238 2014 1345 2096 ipsum
1373 2033 1412 2079 se
1493 2051 1494 2060 κ

261 2114 402 2182 stimulet
421 2113 465 2179 ad
487 2114 713 2181 excutiendum
735 2115 853 2198 iugum,
881 2115 970 2198 quali
991 2107 1127 2182 fastidio'
1144 2135 1217 2181 eum
1239 2134 1274 2181 se
1296 2113 1410 2180 inflan-
1493 2191 1494 2196 ἵ

261 2224 325 2283 tem
340 2217 487 2284 uidemus
509 2217 553 2283 id.
570 2217 623 2300 VI,
648 2218 866 2284 continuatum
889 2237 959 2284 esse
982 2216 1218 2300 quodammodo
1240 2237 1408 2300 argumen-
1493 2267 1494 2292 ,

263 2327 328 2385 tum
351 2326 438 2386 recte
466 2320 617 2402 cognouit
638 2319 780 2388 Hillerus
803 2323 837 2387 in
857 2341 1021 2406 praemon.
1037 2318 1080 2385 ad
1094 2318 1196 2384 id.VI
1223 2320 1321 2385 etiam
1348 2318 1408 2386 hac

263 2442 304 2487 ex
326 2441 361 2487 re
383 2441 512 2488 causam
535 2421 713 2508 deducens,
741 2444 796 2490 cur
819 2425 965 2508 eclogam
986 2442 1117 2488 numero
1139 2422 1279 2505 priorem
1301 2430 1410 2505 poste-

261 2525 379 2590 riorem
394 2522 551 2590 iudicaret
565 2529 719 2608 tempore.
753 2526 929 2594 Seiunctim
945 2525 1026 2592 haec
1042 2524 1156 2607 idyllia
1170 2530 1307 2591 tractare
1327 2545 1412 2622 opus

264 2626 324 2692 erit
351 2632 442 2707 tunc,
472 2645 543 2691 aum
566 2624 607 2690 de
630 2626 732 2692 forma
759 2627 863 2710 mythi
890 2630 1056 2694 immutata
1084 2627 1294 2711 disseremus3
1324 2648 1414 2695 nunc

263 2749 333 2796 cnm
356 2727 494 2813 primum
516 2733 653 2811 typum
674 2727 917 2812 Polyphemi
938 2751 959 2796 a
977 2729 1197 2796 Theocrito
1222 2730 1412 2796 elabora-

262 2840 358 2916 tum,
389 2829 508 2896 deinde
531 2829 762 2896 cantilenae
790 2833 1015 2899 amatoriae
1044 2831 1238 2913 indolem,
1268 2831 1414 2915 denique

263 2935 465 3002 Galateae
486 2931 703 3015 imaginem
726 2931 908 3001 describere
930 2935 963 2999 in
984 2935 1090 3001 animo
1113 2939 1176 3016 est,
1199 2933 1413 3016 comprehen-

263 3039 339 3106 dere
362 3036 456 3102 ambo
479 3034 641 3118 poematia
662 3034 781 3101 licebit.

347 3140 392 3207 Ut
407 3159 503 3223 supra
517 3139 705 3223 monuimus,
728 3138 920 3205 Homericae
936 3136 1088 3221 Cyclopis
1103 3137 1330 3221 descriptionis
1346 3159 1415 3204 una

263 3265 338 3330 pars
360 3263 464 3326 paene
486 3240 613 3308 delituit
640 3261 699 3326 per
726 3248 925 3325 posterorum
952 3241 1092 3324 poesim:
1122 3240 1312 3306 bucolica
1339 3262 1412 3306 na·
1493 3269 1494 3274 ¹

264 3355 361 3411 tura.
399 3343 502 3422 Quam
517 3344 750 3412 studiosissime
765 3352 925 3430 arreptam
946 3363 1018 3410 esse
1039 3363 1060 3408 a
1081 3342 1290 3409 celeberrimo
1312 3344 1412 3410 buco-

264 3448 347 3512 licae
361 3447 468 3530 poesis
483 3453 612 3512 auctore
628 3446 799 3514 Theocrito
816 3467 853 3513 eo
868 3446 1058 3530 propensius
1077 3445 1235 3511 credimus
1250 3465 1290 3510 ac
1302 3466 1411 3529 paene

265 3553 498 3632 exspectamus,
521 3548 606 3631 quod
622 3547 709 3631 apud
724 3548 907 3631 Homerum,
931 3549 1070 3614 omnium
1084 3553 1251 3632 poetarum
1266 3549 1411 3615 maxime

264 3648 555 3718 Alexandrinorum
570 3650 690 3715 fontem
704 3648 938 3733 inexhaustum,
954 3652 1009 3715 uix
1025 3650 1103 3716 alibi
1117 3649 1299 3734 reperiebat
1315 3671 1410 3717 accu-

264 3756 415 3821 ratiorem
430 3751 572 3816 culturae
587 3753 725 3816 rusticae
740 3752 897 3834 imprimis
919 3752 966 3816 rei
987 3753 1164 3835 pecuariae¹
1174 3754 1409 3820 enarrationem

265 3856 492 3925 minutissimas
508 3871 558 3919 res
574 3853 849 3939 complectentem,
872 3874 968 3937 quarn
990 3854 1023 3919 in
1044 3862 1135 3921 antro
1157 3855 1296 3939 aulaque
1311 3857 1409 3939 Poly-

264 3960 373 4050 phemi
388 3957 554 4042 Odysseae
569 3956 643 4022 libri
657 3955 714 4021 IX.
748 3955 841 4022 Hanc
861 3957 1063 4040 potissimum
1085 3957 1199 4024 ceteris
1214 3957 1408 4025 Homericae
