3028 4672
262 230 325 290 218
629 230 758 300 Georgius
777 231 912 287 Ricardus
930 232 1048 288 Holland

260 415 322 486 θές
341 445 383 455 -
398 390 478 488 Ἶρις
500 407 558 487 al,
584 410 673 471 uetat
695 405 828 488 pluralis
851 406 978 488 generis
999 407 1168 472 masculini
1190 404 1278 482 τούς.
1323 408 1413 475 Didi.

263 515 363 580 cimus
385 529 462 576 nero
485 527 527 574 ex
549 506 678 573 fabulae
701 504 836 571 historia
853 507 1001 572 omnibus
1022 509 1222 591 temporibus
1238 509 1413 595 Cyclopem
1500 565 1501 570 ,

261 614 430 681 adamasse
453 628 617 692 caseos,
639 627 720 691 qnos
735 608 842 674 sexies
859 609 1000 675 uariatos
1022 609 1170 676 ultimum
1191 616 1227 675 ut
1248 618 1412 694 praestan·

260 716 417 782 tissimum
433 712 552 778 donum
567 728 755 776 enumerare
774 728 847 774 eum
869 709 965 776 modo
989 713 1197 794 cognocimus
1219 713 1309 796 apud
1324 713 1413 779 Anti·
1498 744 1500 832 j

259 817 409 902 phanem.
453 814 648 899 Supplemus
675 812 772 894 igitur
794 809 913 896 τυρούς
942 817 1049 878 cetera
1076 833 1140 879 non
1168 814 1354 899 expedituri
1383 822 1413 881 et

259 919 426 986 referimus
442 915 485 983 ad
499 915 636 998 piscium
658 919 859 997 apparatum,
882 933 978 997 quem
1000 913 1215 996 significatum
1238 935 1309 983 esse
1333 935 1411 984 uoce

258 1017 423 1104 κρήδεμνα
444 1037 475 1083 u.
492 1019 532 1081 23
554 1035 631 1081 uere
653 1016 839 1082 conclusere
855 1015 1084 1100 Dalecampius
1106 1022 1140 1082 et
1160 1015 1411 1100 Schweighaeu-
1497 1019 1498 1064 Τ

258 1140 358 1188 serus.
392 1120 513 1186 Caseus
528 1123 636 1184 antem
651 1122 850 1200 quantopere
870 1116 1045 1206 indeliciis
1067 1117 1163 1183 fuerit
1184 1118 1357 1201 gulonibus
1371 1120 1411 1184 in
1496 1171 1497 1204 i

258 1222 395 1304 piscium
410 1220 492 1287 escis
506 1219 677 1303 apparebit
690 1217 851 1284 Athenaei
866 1218 983 1306 librum
995 1219 1056 1284 VII
1070 1220 1191 1302 legenti
1210 1221 1248 1286 cf.
1264 1241 1297 1304 p.
1312 1223 1375 1292 278
1384 1241 1410 1287 c.
1496 1218 1502 1280 Ἃ

258 1301 359 1388 28dd.
385 1320 485 1400 288d.
509 1320 609 1385 3061).
640 1320 731 1385 ecel.
761 1321 848 1386 3110
878 1317 1091 1405 (Συρακόσιοι
1119 1322 1175 1385 καὶ
1200 1312 1409 1396 Ἰταλιῶται).
1492 1355 1497 1439 p

259 1423 358 1490 314d.
384 1422 483 1488 3201).
508 1425 603 1487 321c.
628 1421 729 1488 eiad.
753 1423 838 1487 32ss
855 1423 897 1488 al.
943 1421 1078 1488 Videtur
1099 1429 1207 1489 autem
1232 1425 1334 1508 piscis
1355 1445 1410 1490 no
1496 1463 1497 1474 .

256 1545 330 1592 men
346 1525 515 1605 excidisse,
539 1525 680 1607 quicum
698 1544 792 1591 caseo
807 1524 1033 1610 apparabatur.
1067 1523 1178 1591 Altero
1193 1531 1301 1592 autem
1314 1545 1409 1593 uersu
1493 1477 1497 1581 ἶ

256 1648 417 1694 annexum
443 1627 543 1693 luisse
571 1627 784 1708 imaginamur
813 1629 1011 1693 enuntiatum
1033 1627 1203 1693 relatiunm
1232 1627 1276 1693 ad
1303 1628 1409 1712 ipsam
1494 1654 1497 1663 ·

255 1748 325 1795 rem
346 1750 410 1795 non
431 1723 606 1812 pertinens,
630 1747 693 1811 quo
709 1728 861 1812 Cyclopis
883 1734 998 1793 natura
1019 1729 1113 1811 epica
1134 1729 1331 1795 uerbositate
1354 1749 1407 1795 ex·
1493 1712 1497 1785 ¹.

142 1911 147 1923 ⁸
256 1829 449 1916 plantabatur
469 1836 504 1895 ut
524 1828 560 1894 fit
581 1831 615 1894 in
637 1830 792 1913 Homero,
823 1829 859 1895 id
887 1830 972 1914 quod
999 1830 1204 1897 commendat
1232 1831 1339 1897 exitus
1368 1851 1408 1897 ex
1493 1834 1497 1909 ζ

255 1929 502 1995 Homeridarum
516 1933 609 2015 poesi
625 1937 770 2014 sumptus
782 1928 977 2017 ἐξεπεφύκει
992 1933 1032 1998 cf.
1046 1930 1294 2015 hymn.(ler.12‚
1311 1953 1407 2015 qnam
1493 1916 1497 1976 ³¹

255 2033 390 2098 formam
419 2031 573 2097 mutando
600 2032 737 2114 perdere
764 2053 829 2098 non
858 2032 969 2099 debuit
991 2035 1046 2116 qni
1067 2033 1110 2100 de
1131 2033 1286 2100 Matronis
1313 2055 1407 2118 paro·
1496 2072 1497 2105 ι

255 2134 382 2201 diarum
410 2135 555 2218 reliquiis
584 2136 652 2218 egit
672 2134 807 2202 Monost.
823 2135 904 2199 1856
927 2135 1107 2201 Guilelmus
1129 2127 1287 2202 Pa‘essens
1310 2157 1343 2220 p.
1358 2141 1405 2201 17.
1496 2174 1497 2178 =

1494 2029 1497 2067 l

1493 2112 1497 2149 l

255 2235 431 2321 Cyclopem
453 2256 530 2303 uero
553 2256 665 2304 caseos
686 2243 849 2310 amantem
871 2257 913 2302 ex
936 2237 1097 2302 communi
1118 2236 1222 2320 mythi
1250 2240 1406 2304 memoria
1494 2270 1497 2309 :

255 2340 351 2404 etiam
366 2339 400 2403 in
414 2355 492 2403 suae
507 2339 623 2405 aetatis
638 2339 806 2406 comoedia
828 2340 903 2405 uina
924 2339 1055 2405 retinuit
1069 2338 1182 2422 Metro,
1206 2357 1301 2422 quem
1320 2343 1405 2408 circa
1494 2318 1497 2341 ἰ

254 2440 376 2505 exitum
397 2441 502 2521 quarti
524 2460 554 2504 a.
570 2439 643 2506 (thr.
667 2441 788 2508 saeculi
816 2441 915 2506 tuisse
943 2447 1108 2507 autumant
1135 2441 1174 2508 cf.
1196 2442 1307 2509 Paess.
1330 2463 1362 2527 p.
1377 2447 1404 2506 1.
1497 2477 1498 2482 ε

836 2613 864 2674 3.

590 2726 645 2792 De
666 2614 858 2793 Alexlhis
881 2728 1063 2795 Galatea.

337 2845 481 2912 Pastoris
512 2843 655 2910 habitum
685 2845 718 2910 in
739 2845 933 2930 Antiphanis
955 2847 1098 2932 Cyclope
1126 2850 1348 2932 praeualuisse
1377 2850 1404 2915 si

251 2954 339 3014 recte
365 2946 594 3031 conclusimus,
624 2946 668 3012 ad
696 2947 867 3014 culinarias
895 2950 1029 3018 uirtutes
1058 2949 1239 3017 efferendas
1268 2951 1405 3018 rediisse
1501 2969 1502 2988 ι

250 3056 400 3133 putamus
415 3047 597 3132 Alexidem
621 3049 713 3117 cuins
727 3069 769 3116 ex
783 3049 929 3117 hamata
946 3049 1114 3117 Γαλάτεια
1136 3053 1290 3136 inscripto
1313 3058 1403 3136 quat-

250 3157 322 3218 tuor
342 3152 521 3236 fragmenta
543 3158 721 3236 supersunt.
766 3151 944 3237 Mythicnm
965 3155 1064 3222 fuisse
1093 3160 1318 3239 argumentum
1346 3173 1402 3238 pu-

250 3255 331 3319 tanti
353 3254 545 3320 assentimur
565 3254 729 3321 Meinehio
752 3254 911 3321 histcnt.
934 3277 966 3340 p.
979 3259 1052 3341 390,
1075 3259 1131 3340 qni
1153 3256 1238 3323 hanc
1259 3256 1402 3323 fabulam

250 3353 405 3421 adscribit
418 3355 545 3422 mediae
560 3356 748 3424 comoediae
763 3359 863 3424 aetati
884 3358 915 3423 h.
932 3379 960 3425 e.
983 3361 1082 3444 priori
1103 3359 1181 3426 artis
1203 3359 1304 3425 aetati
1325 3379 1400 3443 poe

249 3461 318 3536 tae,
350 3456 441 3520 onius
461 3457 548 3522 uitae
571 3460 723 3526 terminos
748 3461 856 3544 posuit
878 3460 928 3527 Ol.
944 3465 984 3526 97
1002 3467 1034 3528 et
1050 3463 1120 3525 123.
1165 3459 1399 3531 Grauissimnm

249 3557 462 3640 lragmentnm
489 3560 632 3625 seruauit
652 3560 839 3629 Athenaeus
861 3563 926 3627 XII
947 3584 979 3647 p.
992 3567 1079 3629 544ε
1105 3565 1306 3646 sanatione,
1337 3583 1400 3647 qua

248 3656 380 3724 incohat
400 3657 501 3722 uerba
521 3665 655 3743 poetae,
686 3661 907 3730 demonstrans
930 3684 964 3730 se
987 3685 1051 3730 non
1073 3666 1179 3748 ipsum
1207 3667 1327 3748 legisse
1354 3667 1398 3732 in·

248 3765 371 3842 tagram
392 3758 548 3825 fabulam:
571 3759 740 3846 κωμῳδῶν
763 3754 796 3827 ‹l'
815 3755 916 3829 αὐτὸν
936 3757 1249 3851 (aestuavimus)
1273 3760 1398 3845 Ἄλεξις

248 3855 282 3923 ἒν
306 3860 474 3946 Γαλατείᾳ
503 3873 599 3926 ποιεῖ
624 3886 700 3928 τινα
728 3861 928 3949 θεράποντα
957 3864 1169 3952 διηγούμενον
1199 3874 1279 3955 περὶ
1307 3891 1396 3945 τινος

247 3961 313 4025 τῶν
333 3963 499 4049 μαθητῶν
520 3960 602 4054 τάδε
