2998 4674
249 197 313 258 280
614 196 746 266 Georgius
763 195 897 252 Ricardus
915 194 1035 250 Helland

251 371 438 438 memoriam
453 375 585 436 reuocat
607 369 817 452 satyricorum
839 367 1098 450 comicorumque
1119 367 1197 434 salis
1218 368 1281 434 uelv
1295 366 1406 450 dithy-

252 472 388 538 rambici
402 471 518 554 aculei,
543 471 598 553 qui
613 489 800 555 comparare
821 473 993 554 potuerunt
1007 466 1160 554 Cyclopis
1182 475 1310 536 cantum
1333 489 1407 534 cnm
1486 491 1487 520 t

251 574 337 642 asini
355 572 463 639 ruditu
476 574 507 649 ¹).
536 570 644 638 Verba
657 577 765 638 autem
781 567 940 654 ἐμελῴδει
958 562 1134 651 ἄμουσόν
1149 593 1190 635 τι
1208 569 1278 634 καὶ
1296 561 1408 653 ἀπιμ-

259 671 330 738 δόν
351 693 454 758 prope
475 673 633 740 accedunt
654 673 697 738 ad
718 673 828 758 Eurip.
844 671 933 756 Cycl.
950 673 1012 735 489
1020 691 1083 754 sq.:

567 768 684 856 άχαριν
706 771 844 838 κέλαδον
866 769 1103 855 μουσιζόμενος

567 870 691 950 σκαιὸς,
706 865 874 959 άιιῳδάς

254 1000 308 1045 uu.
325 983 460 1061 425sq.:
567 971 641 1064 ᾅδει
664 969 835 1058 ἄμουσα.

257 1081 416 1148 Conuenit
444 1079 541 1144 etiam
571 1069 734 1160 κωμάζειν
762 1078 916 1145 Lueianei
945 1077 1098 1161 Cyclopis
1127 1097 1199 1142 cum
1220 1077 1296 1144 Eur.
1318 1077 1410 1162 cycl.

258 1204 290 1248 u.
308 1182 379 1246 508.
417 1179 504 1258 Quid
518 1180 608 1247 aliud
623 1179 837 1264 significatum
854 1177 961 1246 uerbis
976 1179 1111 1245 Luciam
1134 1171 1215 1242 άλλο
1231 1176 1292 1260 μὲν
1308 1171 1412 1256 αὐτὸς

256 1284 357 1367 βοοῖν,
381 1275 462 1345 atto
486 1275 562 1367 δὲὴ
587 1279 669 1365 λύρα
690 1275 827 1366 ὑπήχει,
850 1301 945 1364 quam
967 1276 1169 1363 θρεττανελό
1191 1279 1297 1364 illud,
1323 1281 1412 1365 quod

258 1406 317 1470 pro
340 1382 483 1450 citharae
505 1385 626 1466 sonitu,
649 1403 746 1467 quem
767 1383 884 1450 frustra
906 1382 1105 1465 excutiebat,
1128 1401 1198 1448 esse
1220 1383 1327 1448 uoluit
1349 1383 1410 1467 dy·

260 1489 350 1570 cleps
372 1485 569 1552 Philoxeni?
607 1485 753 1553 Eandem
780 1484 824 1550 ad
849 1486 975 1569 poesim
1003 1484 1177 1568 pertinebit
1203 1484 1290 1566 quod
1312 1485 1412 1552 Doris

258 1590 342 1654 inter
368 1589 449 1654 uitia
478 1589 630 1654 amatoris
658 1592 824 1654 enumerat
852 1591 914 1652 c.5
941 1582 1100 1670 κινάβρας
1128 1575 1262 1662 ἀπόζων
1292 1574 1412 1672 ὥσπερ

257 1687 390 1773 τράγος,
412 1689 439 1754 si
456 1688 586 1770 quidem
599 1695 686 1756 recte
708 1687 783 1754 huie
805 1689 915 1771 generi
929 1687 1172 1770 adsignauimus
1187 1685 1318 1770 synesii
1342 1710 1411 1755 nar·

259 1793 427 1870 rationem,
450 1790 483 1854 in
499 1809 563 1872 qua
577 1790 796 1857 similitudinis
811 1790 923 1854 umbra
938 1794 1044 1854 exstat
1059 1787 1154 1855 haec:
1178 1779 1262 1873 άτὰρ
1285 1783 1412 1870 μεταξ’

260 1894 303 1974 μέ
316 1914 351 1955 τι
365 1891 422 1954 καλ
436 1891 587 1954 τοιοῦτον
603 1887 735 1975 ἐ’δροξε,
756 1886 801 1974 μὴ
824 1891 902 1953 τῶν
922 1886 1081 1953 κωδίων
1103 1883 1121 1954 d
1140 1887 1285 1973 γράσος
1307 1883 1413 1978 ἀηδὴς

260 1996 396 2080 γένηται
409 1987 489 2077 κόρῃ
504 1989 663 2078 τρυφώσῃ
679 1991 734 2054 καὶ
748 1990 887 2075 λουμένῃ
903 1992 961 2076 τῆς
975 1983 1100 2076 ἡμέρας
1114 1989 1286 2068 πολλάκις.
1315 1993 1413 2062 Doris

261 2102 313 2163 est
326 2095 420 2162 nobis
434 2094 535 2160 instar
550 2099 727 2160 ceterarum
741 2093 963 2177 nympharum,
979 2113 1018 2159 ac
1033 2093 1179 2177 fingimus
1194 2095 1228 2158 in
1243 2097 1414 2164 comoedia

262 2199 374 2281 aliqua
395 2233 437 2242 —
459 2195 635 2262 Nereidum
657 2194 789 2261 chorum
818 2195 1000 2260 coniectura
1028 2196 1195 2261 tribuimus
1216 2196 1413 2280 Antiphanis

262 2298 400 2382 Cyclopi
422 2297 643 2364 -Nereides
671 2297 786 2363 eadem
812 2297 879 2363 fere
908 2303 1005 2380 atque
1027 2296 1182 2363 Doridem
1210 2299 1413 2382 malignitate

264 2398 425 2465 iudicasse
447 2399 571 2464 cantico
592 2399 701 2482 aliquo
725 2397 766 2464 de
787 2396 981 2482 Polyphemi
1003 2404 1071 2464 arte
1093 2400 1225 2466 musica.
1263 2399 1413 2467 Oomicos

264 2505 374 2565 autem
387 2500 547 2566 lectitatos
563 2519 633 2566 esse
649 2505 682 2565 ct
696 2499 851 2564 imitando
867 2518 1036 2584 expressos
1053 2520 1074 2565 a
1087 2500 1230 2566 Lucieno
1252 2521 1304 2568 res
1328 2509 1411 2583 nota,

263 2621 329 2666 non
351 2601 454 2666 solum
468 2600 725 2684 Aristophanem,
749 2601 807 2666 sed
830 2602 927 2667 etiam
950 2600 1076 2667 mediae
1098 2621 1264 2685 nonaeque
1286 2624 1412 2671 comoe-

265 2703 340 2769 diae
355 2707 501 2768 auctores
525 2701 564 2767 ci.
581 2703 753 2785 Ziegeler.:
777 2702 819 2767 de
833 2702 975 2768 Lucieno
990 2709 1157 2787 poetarum
1173 2703 1281 2770 iudice
1296 2712 1330 2772 et
1345 2707 1412 2772 imi-

266 2810 379 2888 tatore,
402 2802 583 2869 caetrata
604 2824 636 2887 p.
650 2806 765 2887 llsqq.
788 2825 820 2887 p.
833 2806 873 2868 28
896 2802 1003 2868 adnot.
1016 2807 1045 2868 4.

351 2904 580 2972 Alexandrinis
602 2911 710 2972 autem
732 2904 906 2972 artificibus
931 2906 1103 2989 plurimum
1125 2906 1244 2972 debere
1266 2906 1413 2976 Samosa·

265 3016 375 3077 tenum
398 3008 553 3074 uidimus:
578 3027 662 3074 nunc
684 3006 726 3073 de
747 3008 852 3092 poetis
874 3006 1052 3074 uideamus.
1096 3008 1195 3074 Nouit
1217 3007 1326 3076 hercle
1350 3031 1412 3091 eos,

267 3113 323 3195 qui
338 3111 400 3177 hac
414 3111 447 3176 in
461 3129 496 3175 re
512 3109 756 3177 elaborauerunt
769 3143 811 3154 -
826 3109 995 3175 sollemnia
1011 3109 1095 3174 enim
1111 3109 1271 3175 elementa
1285 3111 1411 3178 fabulae

268 3211 384 3279 eadem
406 3247 446 3257 -
470 3211 528 3277 sed
550 3210 644 3278 huius
666 3213 799 3278 notitiae
820 3211 959 3294 uestigia
980 3211 1026 3276 ita
1047 3229 1106 3276 sua
1127 3211 1255 3276 miscuit
1275 3218 1355 3296 arte,
1381 3217 1413 3276 nt

266 3315 456 3378 nominatim
471 3320 634 3379 auctorem
656 3315 788 3379 laudare
804 3311 936 3378 difficile
951 3313 1000 3378 sit.
1039 3310 1173 3377 Videtur
1194 3312 1288 3379 nobis
1310 3315 1412 3379 minus

359 3511 382 3573 1)
400 3509 512 3565 Adludit
524 3512 606 3566 Doris
619 3513 654 3566 ad
668 3493 813 3581 prodcrbia
829 3511 876 3566 illa
893 3511 927 3565 de
944 3512 1013 3568 asini
1030 3516 1129 3566 natura
1145 3511 1262 3581 insipida
1279 3518 1307 3566 et
1324 3527 1341 3567 a
1357 3527 1411 3565 mu-

269 3596 329 3654 sice
344 3599 404 3649 arte
427 3593 516 3650 aliena
538 3599 658 3664 sumpta:
684 3595 744 3650 ivos
761 3595 843 3668 λύρας
859 3593 968 3649 ἀκούων
986 3600 1037 3650 etc.
1061 3612 1133 3651 nunc
1156 3597 1227 3651 hanc
1249 3596 1363 3651 formam
1386 3595 1412 3648 in

268 3685 359 3737 mente
381 3678 484 3734 habens
507 3677 568 3731 ὄνου
585 3675 781 3748 locutae-'tal
799 3682 857 3734 τῶν
874 3678 1004 3748 ἀμούσων
1021 3680 1125 3736 Macar.
1136 3681 1182 3747 VI,
1193 3685 1238 3747 39,
1263 3697 1345 3750 quam
1366 3679 1410 3733 ad·
1486 3705 1487 3708 ¹

269 3765 360 3823 hibuit
373 3763 512 3819 Lucianus
529 3763 589 3817 loeo
607 3764 671 3816 huic
686 3765 817 3818 consimili
835 3765 897 3819 dial.
908 3771 1014 3819 meretr.
1025 3765 1099 3832 XIV,
1110 3771 1140 3820 4:
1158 3770 1204 3818 καὶ
1221 3764 1338 3833 μάλιστα
1352 3763 1411 3818 ὀπά-

268 3871 323 3905 ταν
341 3847 393 3922 ᾄδῃ
411 3854 456 3902 καὶ
474 3844 556 3919 ἁβρὸς
573 3847 643 3900 εἶναι
658 3845 736 3918 θέλῃ,
753 3845 814 3900 ὄνοι
827 3843 1009 3919 αὐτολυρίζων
1025 3855 1118 3920 φασίν,
1137 3865 1217 3918 quem
1229 3851 1321 3907 attunt
1332 3852 1410 3905 Leut-

270 3935 362 3991 schius
379 3935 407 3988 in
425 3935 517 3990 adnot.
536 3934 570 3989 ad
588 3932 700 4002 Diogen.
710 3931 769 3998 vn,
779 3935 811 3985 33
830 3933 883 3988 hoc
900 3936 1008 3990 omisso.
1484 3943 1487 4064 ῃ
